2139 3348
935 151 1220 194 -14-

212 274 305 313 tam
336 284 432 313 esse
464 267 550 311 etsi
581 281 715 310 sensu
744 269 920 309 tantum
961 265 1120 308 ductus
1153 265 1367 322 suspicor.
1429 266 1508 309 sed
1538 266 1674 310 etiam
1706 266 1752 309 in
1783 281 1944 310 scaena

213 338 454 382 Menander
484 335 696 393 Diphilus
740 335 938 378 Philemo
977 334 1234 392 plerumque
1278 336 1621 392 spectabantur,
1665 351 1806 394 neque
1847 335 1946 380 fieri

216 407 386 450 omnino
418 409 620 463 poterat,
663 405 767 462 quin
813 407 990 447 tantum
1020 418 1107 447 non
1140 403 1284 447 omnia
1314 419 1427 460 quae
1457 404 1648 448 Romani
1677 405 1944 462 interpreta-

215 477 379 520 bantur
409 479 569 533 poetae
601 479 773 518 centum
805 474 899 516 fere
930 473 1058 516 annis
1091 477 1195 516 ante
1227 473 1420 516 Athenis
1453 474 1622 531 scripta
1652 479 1816 519 essent.

326 545 462 589 Iuvat
478 544 618 587 hocin
638 543 824 600 Epidico
842 542 1090 586 ostendere.
1121 543 1168 585 in
1185 557 1269 599 quo
1287 543 1509 586 exercitus
1525 543 1686 587 civium
1701 543 1946 587 Athenien-

214 614 326 657 sium
345 630 505 670 magna
531 629 626 657 cum
652 612 820 670 praeda
846 612 900 655 ab
921 611 1202 668 expeditione
1227 611 1346 655 redit
1373 627 1503 670 quam
1527 613 1704 656 Thebas
1723 613 1946 669 fecerant,

215 684 369 727 urbem
417 687 591 741 captam
637 697 733 726 esse
780 697 1044 739 quamquam
1090 696 1176 724 non
1223 681 1388 725 dicitur
1421 683 1578 740 (neque
1612 682 1727 726 enim
1757 682 1946 726 Plautus

215 758 294 797 aut
323 753 511 796 Romani
543 753 649 795 haec
680 751 915 807 curabant)
948 766 971 794 e
1003 766 1164 807 magna
1194 751 1473 808 captivarum
1503 752 1737 796 mulierum
1768 755 1950 795 caterva

216 823 456 878 colligitur.
502 822 653 865 eodem
680 825 879 878 tempore
909 820 1095 863 Euboici
1135 820 1301 863 milites
1332 820 1526 864 Athenis
1558 821 1726 877 degunt
1757 820 1892 878 (153),
1925 836 1948 864 e

219 894 376 950 quibus
409 907 521 934 unus
553 890 804 944 inducitur,
851 889 1055 933 Rhodius
1087 893 1198 933 natu
1233 890 1377 946 (300),
1425 891 1541 948 quod
1585 891 1833 935 mirandum
1862 905 1949 933 non

217 966 308 1005 est:
356 961 556 1004 novimus
603 959 832 1003 Demetrio
886 963 931 1002 01,
974 958 1205 1015 Antigono
1250 960 1543 1015 regnantibus
1591 960 1725 1004 etiam
1756 959 1949 1002 Athenis

215 1031 377 1073 multos
418 1030 638 1073 militasse
683 1029 958 1087 peregrinos.
1036 1029 1081 1071 in
1131 1029 1410 1086 expeditione
1460 1029 1674 1074 Thebana
1726 1029 1950 1087 stipendia

214 1101 320 1145 fecit
351 1100 676 1157 Stratippocles
708 1100 995 1154 adulescens;
1026 1102 1156 1156 pater
1187 1099 1282 1143 eius
1313 1099 1588 1156 Periphanes
1619 1099 1901 1143 Pallenensis
1919 1099 1948 1156 ¹)

217 1174 307 1223 est,
348 1172 549 1225 chem'in
581 1170 862 1213 adulescentia
902 1173 1130 1212 memorant
1159 1170 1272 1223 apud
1315 1184 1428 1225 reyes
1472 1171 1605 1212 armis
1651 1174 1741 1213 arte
1771 1170 1951 1212 duellica

214 1241 385 1284 (licitiae
415 1254 592 1295 maynas
613 1240 827 1293 indeptum
849 1239 984 1295 (450).
1016 1238 1132 1282 idem
1153 1238 1374 1296 Epidauri
1395 1239 1532 1283 filiam
1553 1239 1808 1296 procreavit
1837 1254 1953 1282 nunc

215 1310 358 1368 prima
389 1313 538 1353 aetate
570 1310 813 1353 florentem.
874 1324 980 1365 ergo
1013 1308 1193 1352 Thebae
1226 1310 1280 1352 ab
1314 1309 1513 1353 exercitu
1545 1308 1730 1363 Graeco,
1764 1309 1950 1352 maxime

217 1380 483 1423 Atheniensi
513 1383 826 1437 expugnantur
857 1378 1106 1436 quindecim
1129 1379 1222 1422 fere
1249 1379 1376 1422 annis
1400 1383 1638 1437 postquam
1657 1378 1950 1422 Atheniensis

218 1450 328 1493 civis
360 1451 440 1492 sub
473 1449 654 1505 regibus
686 1449 906 1506 Epidauri
937 1448 1162 1505 stipendia
1193 1448 1313 1492 fecit.
1375 1464 1506 1505 reges
1537 1449 1640 1492 illos
1672 1448 1953 1504 Antigonum

220 1524 265 1563 et
285 1519 561 1562 Demetrium
587 1534 683 1562 esse
716 1519 975 1575 quicumque
1006 1521 1208 1575 tempora
1239 1518 1319 1561 illa
1349 1523 1660 1576 perscrutatus
1693 1518 1781 1561 erit
1809 1518 1951 1575 primo

220 1590 379 1632 obtutu
411 1589 735 1646 suspicabitur,
779 1587 1132 1645 conveniuntque
1177 1588 1340 1645 optime
1380 1588 1600 1632 Demetrii
1632 1588 1950 1645 expeditiones,

220 1674 328 1716 quas
361 1659 453 1702 fere
486 1658 612 1701 annis
645 1658 814 1700 304—9.
846 1656 1040 1700 Athenis
1071 1657 1118 1699 in
1151 1656 1390 1701 Graeciam
1423 1661 1468 1701 et
1498 1658 1853 1715 Peloponnesum
1885 1657 1947 1700 fe-

221 1728 294 1771 cit.
355 1728 471 1770 idem
501 1727 758 1771 Demetrius
791 1726 860 1769 bis
902 1727 1010 1770 adeo
1044 1726 1220 1770 Thebas
1252 1727 1529 1784 expugnavit
1559 1727 1644 1769 ‘293
1677 1731 1723 1770 et
1753 1727 1862 1769 290:
1896 1726 1954 1769 ad

221 1798 334 1840 1111110
367 1813 528 1840 annum
560 1796 774 1854 quidquid
804 1796 850 1839 in
871 1796 1059 1853 Epidico
1092 1801 1458 1840 commemoratur
1492 1797 1825 1840 accuratissime
1857 1811 1954 1839 con-

222 1867 359 1910 venit.
420 1882 520 1910 nam
550 1867 669 1910 filiae
701 1881 815 1909 anno
857 1866 952 1909 fere
995 1866 1078 1908 303
1109 1870 1371 1923 procreatae
1412 1881 1551 1909 annos
1582 1881 1707 1910 nemo
1739 1865 1955 1909 morosius

219 1937 562 1993 pernumerabit.
622 1951 774 1980 verum
799 1939 868 1979 est
888 1950 1100 1979 annorum
1122 1936 1196 1992 qui
1218 1940 1320 1993 post
1351 1936 1581 1993 expulsum
1614 1951 1636 1979 0
1657 1935 1847 1979 Graecia
1868 1934 1955 1978 De·

220 2007 425 2050 metrium
460 2006 650 2063 proximi
681 2010 787 2050 sunt
817 2006 1070 2049 memoriam
1114 2005 1250 2049 densa
1281 2010 1409 2049 nocte
1440 2006 1581 2063 premi
1600 2006 1647 2061 2).
1719 2006 1797 2049 sed
1839 2003 1956 2062 quod

319 2179 353 2222 1)
379 2176 571 2212 Platem‘us
603 2176 786 2212 traditum
821 2178 878 2212 est
919 2189 952 2212 v.
979 2177 1060 2212 434.
1087 2177 1180 2217 448,
1219 2177 1318 2220 quod
1356 2177 1474 2211 multo
1512 2176 1665 2222 propius
1692 2187 1714 2212 a
1738 2174 1956 2224 Παλληνεύς

221 2237 328 2272 abest
353 2248 464 2281 quam
491 2248 512 2271 a
537 2236 747 2275 Πλωθεεύς.

319 2296 355 2341 2)
383 2296 435 2331 De
463 2296 567 2331 fastis
595 2291 733 2331 Attici's
767 2295 862 2330 nihil
898 2307 995 2331 nunc
1036 2296 1183 2331 constat
1209 2295 1281 2331 nisi
1307 2295 1417 2331 falsos
1443 2306 1520 2331 esse
1545 2296 1731 2339 quotquot
1756 2296 1822 2330 aut
1847 2306 1869 2330 a
1895 2305 1952 2330 me

224 2357 290 2391 aut
316 2356 362 2391 ab
389 2356 473 2391 aliis
499 2355 684 2401 propositi
710 2361 837 2399 erant,
881 2367 1046 2400 opusque
1086 2358 1143 2390 est
1181 2356 1223 2390 ut
1247 2366 1269 2390 a
1296 2355 1548 2390 fundamentis
1573 2355 1832 2390 restituantur.
1883 2365 1953 2399 ego

225 2427 323 2450 nunc
350 2415 439 2450 satis
464 2416 584 2451 habeo
610 2416 776 2461 eclogam
804 2418 1009 2451 monstrare
1036 2414 1261 2457 comoediae,
1288 2426 1383 2458 quae
1410 2414 1486 2450 fere
1512 2414 1680 2458 aequalis
1705 2425 1782 2450 esse
1808 2413 1958 2449 videtur

225 2474 384 2520 Epidici.
435 2475 573 2520 legitur
611 2475 711 2520 apud
751 2475 985 2510 Athenaeum
1023 2487 1058 2520 p.
1086 2474 1154 2509 280
1181 2474 1326 2509 tributa
1353 2474 1522 2518 Carystio
1552 2472 1786 2518 Apollodoro.
1835 2472 1901 2516 qui
1926 2471 1958 2507 si

225 2534 296 2569 tuit
322 2546 359 2569 re
387 2546 474 2570 vera
499 2534 667 2578 aequalis
693 2534 883 2570 Machouis
909 2534 1064 2578 (Athen.
1090 2534 1194 2578 664),
1220 2544 1340 2577 neque
1366 2533 1462 2571 hanc
1488 2532 1637 2578 scripsit
1662 2531 1957 2576 Γραμματειδιο-

225 2591 356 2637 ποιόν,
394 2605 513 2637 neque
543 2591 725 2636 Ἵέρειαν,
764 2594 803 2628 111
841 2605 915 2637 qua
953 2593 1117 2638 Ophelae
1154 2592 1310 2638 (mortui
1337 2604 1369 2628 a.
1397 2593 1480 2638 308)
1518 2594 1556 2628 et
1582 2592 1788 2637 Eurydicae
1815 2591 1958 2627 nobiles

228 2654 379 2698 nuptiae
406 2656 740 2689 commemorantur
767 2653 919 2698 (Athen.
948 2654 1043 2698 243).
1105 2655 1143 2688 et
1168 2652 1283 2688 Geloo
1318 2652 1455 2688 tribuit
1498 2652 1629 2687 Pollux
1668 2651 1958 2687 Grammatidio-

228 2725 361 2758 poeum
402 2714 637 2758 Apollodoro.
701 2725 928 2757 quamquam
967 2712 1221 2758 grammaticis
1259 2712 1296 2747 in
1336 2711 1610 2755 distinguendis
1647 2711 1958 2757 Apollodororum

227 2773 451 2808 comicorum
490 2773 626 2808 fabulis
665 2773 809 2808 nullam
848 2773 1111 2807 auctoritatem
1151 2783 1227 2807 esse
1264 2771 1376 2816 periti
1402 2771 1501 2806 haud
1528 2771 1716 2816 ignorant.
1766 2770 1803 2805 in
1830 2770 1959 2815 ecloga

229 2832 344 2877 igitur
382 2833 448 2867 illa
487 2833 671 2868 Fortunae
722 2832 978 2867 inhumanitas
1015 2833 1210 2867 accusatur
1248 2831 1401 2875 (morem
1442 2830 1698 2875 peripateticis
1736 2829 1959 2865 familiarem

229 2890 338 2926 facile
364 2891 569 2936 sentimus),
597 2903 691 2936 quae
719 2891 913 2927 Graeciam
942 2891 1125 2926 aGraecis
1151 2890 1293 2926 conteri
1311 2889 1490 2935 patiatur.
1539 2892 1704 2934 “quanto
1741 2889 1841 2924 enim
1879 2899 1958 2923 sua-

229 2951 310 2986 vius
338 2952 517 2995 viverent,
543 2952 573 2986 si
594 2951 876 2987 Atheniensium
904 2952 1090 2995 quotquot
1114 2950 1274 2995 triginta
1298 2949 1405 2984 annis
1432 2949 1589 2984 minores
1615 2950 1737 2984 essent
1773 2947 1959 2984 combibe-

231 3013 326 3053 rent,
353 3011 498 3055 equites
524 3011 563 3047 in
588 3011 667 3046 dies
700 3011 826 3046 decem
859 3010 1077 3046 Corinthum
1112 3010 1354 3045 evocarentur
1381 3009 1631 3050 comissatum,
1659 3007 1804 3044 coronis
1829 3008 1868 3043 et
1893 3018 1960 3042 un·

232 3074 370 3115 guento
397 3083 504 3106 mane
530 3070 604 3106 iam
624 3071 757 3113 ornati,
783 3070 815 3105 si
842 3070 1075 3115 Megarenses
1102 3080 1193 3113 quas
1211 3081 1308 3104 nunc
1329 3068 1497 3104 vendunt
1521 3068 1593 3113 ipsi
1612 3068 1815 3112 coquerent
1840 3077 1959 3112 rapas,

230 3129 260 3164 si
286 3130 374 3165 socii
400 3131 437 3165 in
458 3130 605 3166 balinea
621 3130 781 3174 abirent,
806 3130 1017 3166 Euboenses
1045 3129 1168 3164 vinum
1187 3126 1419 3164 miscerent'’.
1469 3127 1555 3163 hinc
1573 3127 1784 3174 colligimus
1809 3138 1847 3162 re
1874 3137 1961 3163 vera.
