2139 3348
953 159 1226 201 „22-

231 281 357 326 modo
390 280 698 338 desperantem
728 277 920 322 vidimus
952 274 1101 320 subito
1131 274 1251 319 viam
1274 273 1436 319 salutis
1466 274 1708 332 indagasse
1739 273 1966 319 miramur.

233 368 344 410 quae
375 350 513 394 vitari
543 352 774 407 poterant,
810 348 848 392 si
891 345 1052 399 solita,
1098 360 1228 403 quam
1259 344 1314 388 ab
1345 343 1563 402 Euripide
1595 359 1712 389 nova
1742 345 1968 390 comoedia

232 422 533 474 mutuabatur,
566 418 742 476 prologi
773 417 916 460 forma
937 418 1072 473 poeta
1087 414 1156 458 uti
1177 413 1412 458 voluisset.
1474 413 1640 458 omissa
1671 414 1785 458 enim
1807 430 1969 460 scaena

232 491 375 548 prima
406 489 613 542 Saturio,
648 488 722 546 qui
753 502 867 530 nunc
898 499 1070 543 quoque
1102 499 1257 527 verum
1288 483 1453 527 recitat
1490 483 1747 541 prologum,
1789 485 1971 543 prodire

231 563 411 618 poterat
443 563 488 603 ct
517 573 727 611 narrare,
770 571 882 614 quae
913 554 1010 598 heri
1041 554 1160 597 inter
1191 568 1343 597 cenam
1374 568 1400 597 a
1432 552 1590 596 Toxilo
1623 554 1882 610 audiverat,
1924 556 1971 599 in

235 646 283 675 eo
315 630 403 674 iam
435 644 532 673 esse
562 632 613 671 ut
644 627 783 671 amica
813 626 1093 684 privaretur,
1136 624 1312 668 frustra
1352 639 1400 667 se
1442 623 1607 668 adiisse
1654 639 1752 668 cum
1797 628 1971 670 ceteros

235 701 397 744 amicos
443 704 538 742 tum
586 697 874 742 vaferrimum
921 695 1292 752 Sagaristionem.
1379 694 1538 738 deinde
1585 698 1769 738 evocato
1814 694 1972 739 Toxilo

234 786 350 814 nova
393 769 578 813 consilia
628 783 723 811 cum
754 765 956 824 parasito
989 769 1119 808 erant
1151 764 1523 808 communicanda.
1600 764 1679 808 sed
1725 780 1806 821 ego
1853 769 1974 809 certe

236 840 380 883 minus
412 837 608 894 eleganti
640 840 737 880 arte
760 852 828 880 me
859 836 1004 892 magis
1025 834 1240 878 delectari
1271 835 1431 890 fateor,
1465 850 1561 878 cum
1593 834 1821 878 sollemnis
1851 850 1973 891 usus,

237 910 330 953 sive
362 924 441 966 per
471 907 751 963 monologum
799 906 893 950 sive
926 905 1108 948 inducta
1149 907 1341 963 persona
1371 904 1596 962 protatica
1637 919 1815 948 causam
1847 919 1976 962 expo-

234 980 316 1033 nit,
348 994 428 1036 per
458 978 601 1036 ipsam
638 976 952 1035 repetitionem
982 975 1180 1019 taedium
1201 974 1333 1019 facile
1355 978 1546 1019 moveat.
1607 978 1734 1019 actus
1758 975 1976 1020 secundus

234 1052 446 1107 quantum
479 1048 536 1091 ad
579 1050 889 1104 argumentum
922 1045 1172 1089 comoediae
1212 1044 1303 1088 fere
1336 1059 1697 1102 supervacaneus
1744 1048 1835 1100 est,
1878 1061 1976 1090 cum

236 1118 594 1176 Sophoclidiscae
625 1116 814 1160 nutricis
837 1116 893 1159 ad
916 1115 1135 1168 Toxilum,
1168 1113 1358 1171 Paegnii
1385 1114 1442 1158 ad
1465 1113 1808 1159 Lemniselenim
1829 1116 1978 1160 nuntii

236 1189 331 1232 sine
377 1188 536 1231 idonea
579 1202 715 1230 causa
755 1186 1013 1229 mittantur.
1070 1187 1260 1242 apparet
1290 1187 1336 1228 et
1375 1187 1535 1241 poetae
1568 1188 1613 1228 et
1645 1185 1976 1242 spectatoribus

235 1258 428 1301 lascivos
470 1257 659 1314 Paegnii
712 1257 831 1300 iocos
873 1255 1013 1298 multo
1059 1254 1204 1311 magis
1255 1269 1386 1312 quam
1429 1254 1627 1298 fabulam
1667 1255 1810 1313 ipsam
1854 1256 1978 1300 cordi

238 1329 389 1371 fuisse.
452 1333 579 1371 actus
609 1328 775 1371 tertius
815 1330 861 1370 et
892 1329 1079 1384 quartus
1113 1325 1229 1368 omni
1260 1324 1393 1368 laude
1423 1324 1694 1369 inventionis
1727 1326 1979 1383 dignissimi

240 1401 356 1452 sunt,
391 1397 468 1440 sed
491 1397 673 1441 eandem
695 1412 851 1440 rursus
877 1395 1246 1454 deprehendimus
1278 1395 1324 1437 in
1356 1395 1637 1438 conectendis
1659 1396 1831 1440 scaenis
1864 1397 1978 1440 artis

239 1468 487 1511 infantiam.
551 1472 595 1511 et
625 1468 800 1511 intrant
842 1471 888 1510 et
933 1470 1095 1510 exeunt
1139 1481 1356 1524 personae
1399 1466 1658 1524 plerumque
1705 1467 1790 1510 soli
1821 1470 1980 1524 poetae

239 1537 427 1580 arbitrio
461 1539 709 1592 obsecutae,
745 1538 813 1580 sin
834 1553 941 1581 vero
960 1552 1137 1580 causam
1168 1536 1359 1580 abeundi
1389 1536 1636 1593 proferunt,
1668 1537 1766 1595 ipso
1799 1537 1979 1581 silentio

241 1607 366 1664 peior
413 1612 503 1664 est;
553 1608 675 1652 euius
719 1608 895 1665 generis
928 1607 1173 1664 exemplum
1205 1621 1342 1664 supra
1371 1606 1576 1650 vidimus.
1638 1610 1764 1650 actus
1797 1607 1980 1665 quintus

244 1677 430 1735 denique
462 1678 680 1721 victorum
724 1678 853 1735 quasi
896 1677 1149 1734 triumphus
1183 1681 1265 1720 est.
1328 1691 1439 1733 quae
1470 1676 1670 1721 Romano
1701 1680 1862 1735 poetae
1893 1692 1980 1720 om-

242 1748 318 1790 nia
349 1748 568 1804 imputare
610 1764 695 1791 non
742 1749 860 1791 licet.
929 1747 1090 1790 scimus
1133 1746 1309 1804 quidem
1339 1745 1551 1790 Plautum
1596 1762 1646 1790 eo
1691 1762 1980 1805 progressum

244 1833 355 1872 esse,
387 1821 439 1860 ut
471 1818 625 1861 doctae
657 1817 893 1861 Menandri
912 1816 1106 1870 fabulae,
1140 1816 1375 1873 Adelphis,
1410 1832 1540 1874 quam
1561 1816 1715 1860 Sticho
1746 1817 1978 1873 reddebat,

242 1891 446 1944 agrestes
480 1903 711 1931 servorum
755 1886 1088 1930 comissantium
1132 1886 1258 1929 lusus
1291 1886 1563 1930 adnecteret.
1639 1887 1717 1930 sed
1748 1887 1794 1930 in
1824 1887 1978 1932 Sticho

244 1957 410 2001 additis
443 1973 555 2015 quae
589 1958 762 2001 omnino
794 1957 1038 2001 abhorrent
1060 1959 1370 2013 argumentum
1390 1956 1591 2013 perverti
1622 1957 1710 2014 ipsi
1742 1957 1979 2014 sentimus,

243 2027 288 2070 in
320 2027 486 2071 Persae
519 2027 656 2071 exodo
687 2027 800 2070 nihil
833 2031 903 2070 est
934 2027 1039 2084 quin
1063 2042 1159 2069 cum
1191 2026 1430 2070 servilibus
1461 2027 1665 2084 personis
1697 2027 1861 2085 optime
1884 2043 1981 2071 con-

243 2097 417 2150 veniat,
457 2112 597 2154 neque
639 2096 930 2140 brevissimae
973 2100 1017 2140 et
1048 2100 1197 2140 tamen
1228 2096 1462 2140 absolutae
1492 2097 1672 2141 fabulae
1701 2101 1876 2155 partem
1907 2099 1981 2142 ab·

246 2167 447 2210 scindere
478 2167 596 2221 licet,
639 2182 751 2225 quae
783 2167 971 2223 Paegnii
1003 2167 1176 2210 cinaedi
1206 2167 1483 2224 procacitate
1513 2167 1652 2209 risum
1684 2169 1983 2225 spectantium

243 2239 337 2279 tam
368 2236 521 2293 quinto
554 2252 685 2294 quam
716 2237 860 2280 altero
900 2241 1003 2280 actu
1035 2241 1201 2294 captat.
1271 2237 1413 2293 igitur
1442 2237 1673 2280 fatendum
1704 2241 1775 2281 est
1803 2242 1982 2295 poetam

246 2306 290 2348 in
323 2306 601 2349 conectendis
635 2307 806 2350 scaenis
837 2307 991 2364 procul
1024 2308 1180 2350 abesse
1213 2307 1267 2349 ab
1300 2321 1352 2349 ea
1384 2310 1506 2360 arte,
1539 2322 1683 2363 quam.
1717 2323 1757 2350 v.
1789 2323 1855 2363 gr.
1889 2307 1980 2350 An-

246 2376 344 2418 dria
376 2380 455 2418 aut
485 2375 697 2418 Eunucho
730 2379 810 2418 aut
841 2375 1078 2419 Bacchisin
1109 2375 1353 2419 Menander
1393 2390 1501 2432 prae
1534 2391 1580 2418 se
1612 2376 1714 2430 fert,
1747 2381 1981 2433 praestare

245 2447 327 2488 hac
359 2446 534 2503 quidem
567 2462 591 2489 a
638 2449 769 2503 parte
800 2446 873 2489 vel
904 2446 1153 2503 Epidicum.
1223 2446 1302 2489 sed
1341 2449 1539 2490 veterem
1571 2447 1850 2502 comoediam,
1884 2462 1981 2490 cum

246 2515 366 2558 chori
413 2515 598 2558 canticis
645 2519 772 2558 actus
820 2516 1143 2571 distingueret,
1193 2515 1393 2573 episodia
1435 2531 1521 2558 non
1566 2516 1826 2560 conexuisse
1867 2516 1980 2560 satis

247 2589 435 2628 constat.
510 2586 639 2628 choro
689 2586 782 2629 fere
834 2586 1128 2629 intermortuo
1183 2601 1365 2630 scaenas
1410 2586 1606 2643 spatium
1645 2602 1833 2630 vacuum
1877 2586 1981 2630 diri-

246 2655 341 2708 mit,
375 2663 511 2711 χοροῦ
542 2656 828 2713 paragrapha
859 2656 905 2699 in
927 2656 1070 2711 libris,
1103 2656 1315 2699 tibiarum
1347 2659 1426 2699 aut
1447 2656 1599 2699 fidium
1630 2660 1764 2700 cantu
1786 2656 1981 2701 fortasse

247 2724 293 2766 in
336 2725 514 2768 theatro
560 2725 841 2768 distinctum:
883 2725 1000 2769 unde
1032 2729 1209 2769 actuum
1241 2725 1473 2783 quinorum
1505 2724 1611 2768 ordo
1644 2725 1808 2769 sensim
1847 2731 1982 2771 natus

249 2798 330 2848 est,
365 2810 391 2837 a
421 2794 664 2838 Menandro
705 2798 854 2839 tamen
886 2799 932 2839 et
962 2795 1124 2839 Plauto
1169 2795 1354 2839 alienus.
1416 2795 1676 2853 quicumque
1705 2795 1887 2840 Plutum
1917 2800 1983 2841 to-

246 2863 378 2917 lerat,
411 2863 596 2907 Persam
625 2880 712 2908 non
742 2865 875 2908 nimis
906 2865 1199 2922 vituperabit.
1250 2864 1342 2907 sint
1371 2866 1521 2907 tamen
1552 2863 1660 2908 haec
1691 2880 1864 2923 quoque
1894 2881 1982 2910 am-

247 2933 407 2988 bigua:
452 2937 579 2977 actus
624 2935 806 2992 quintus
849 2935 990 2978 multo
1030 2935 1237 2992 proprius
1270 2935 1400 2978 abest
1430 2934 1484 2977 ab
1515 2933 1821 2992 Aristophane
1852 2950 1983 2993 quam

251 3018 276 3045 a
307 3002 561 3058 Menandro,
596 3009 729 3061 atque
760 3004 1088 3061 Aristophanes
1121 3004 1243 3057 adeo,
1277 3002 1352 3060 qui
1381 3001 1536 3046 Musae
1580 3018 1686 3047 suae
1727 3004 1985 3048 castitatem

249 3086 355 3127 prae
388 3073 658 3116 aemulorum
690 3074 930 3117 servilibus
963 3077 1008 3117 et
1040 3073 1240 3117 obscenis
1271 3071 1380 3115 iocis
1412 3071 1626 3116 extollere
1658 3072 1785 3127 solet,
1816 3072 1983 3116 nullam

251 3143 495 3198 composuit
527 3159 732 3187 scaenam
774 3159 887 3201 quae
926 3143 1071 3201 plebis
1103 3142 1266 3187 studiis
1297 3141 1487 3185 hominis
1517 3142 1778 3200 vapulantis
1810 3141 1984 3187 eiulati-
