2139 3348
856 124 1142 166 -15—

143 243 327 298 propter
358 253 573 283 summam
603 252 752 282 rerum
773 240 1003 294 gestarum
1023 237 1349 293 ignorationem
1378 237 1566 282 infitiari
1604 253 1691 281 non
1721 253 1873 296 possu-

143 324 262 364 mus,
292 311 423 365 gesta
451 308 652 358 fortasse,
687 322 784 352 esse
814 307 982 364 Pyrrhi
1012 307 1318 365 Antigonique
1364 310 1514 351 aetate
1547 323 1658 365 quae
1689 307 1874 364 Epidico

143 377 452 432 convenirent,
502 377 583 422 hoc
625 377 825 435 profecto
867 376 1086 420 rationem
1128 377 1255 421 modo
1302 377 1564 420 subductam
1604 392 1690 419 non
1720 377 1876 420 infrin-

143 447 225 503 git.
286 446 585 491 certissimum
632 450 782 490 autem
825 445 1061 490 Menandri
1100 449 1242 490 morte
1274 446 1565 490 recentiorem
1597 461 1693 489 esse
1724 445 1877 503 Epidi-

148 531 258 560 cum.
319 531 450 574 quam
481 516 556 574 qui
599 515 783 573 scripsit
821 515 1025 572 personis
1070 518 1116 559 et
1147 515 1293 559 causis
1326 519 1372 559 et
1402 515 1606 559 artificiis
1637 530 1778 559 novae
1810 531 1876 558 co-

139 585 338 630 moediae
385 586 556 629 diutino
616 600 876 642 magnorum
920 589 1152 642 poetarum
1213 601 1299 628 usu
1345 584 1563 628 stabilitis
1612 585 1767 627 dextre
1810 585 1878 627 uti

142 655 278 699 callet
309 654 539 713 (pleraque
571 655 686 700 enim
728 655 802 699 vel
832 654 879 697 in
909 654 1062 698 Plauti
1108 655 1332 698 comoedia
1365 655 1477 698 satis
1505 654 1740 712 perspicua
1770 654 1877 697 mihi

142 724 385 781 videntur),
419 725 498 769 sed
527 724 652 768 ultra
681 724 1035 768 mediocritatem
1063 724 1188 768 nulla
1218 724 1265 767 in
1295 739 1343 767 re
1376 739 1423 767 se
1455 724 1645 767 extollit.

258 795 333 838 Ad
373 798 515 838 artem
547 794 755 838 comicam
786 794 1132 850 cognoscendam
1174 809 1260 837 non
1305 793 1492 836 multum
1523 793 1758 837 conferunt
1787 796 1880 836 tam

141 879 240 909 sero
284 867 419 908 natae
456 864 657 908 fabulae:
708 866 813 907 ante
860 864 1153 907 Menandrum
1196 863 1389 920 scriptas
1421 863 1737 906 desideramus.
1799 863 1878 906 sed

141 934 425 991 quantumvis
468 933 792 987 desiderarem,
827 947 908 988 ego
940 932 1116 990 quidem
1156 947 1183 975 a
1213 931 1376 975 Plauto
1420 931 1587 975 nullam
1618 931 1876 975 Demosthe-

139 1003 264 1047 nicae
306 1003 471 1047 aetatis
516 1002 784 1046 comoediam
816 1017 1070 1059 expressam
1112 1017 1209 1046 esse
1239 1001 1347 1044 mihi
1376 1016 1708 1058 persuaseram,
1743 1001 1878 1045 donec

139 1076 319 1130 praeter
350 1072 598 1130 opinionem
638 1071 1038 1116 animadverterem
1069 1071 1254 1115 Persam
1283 1071 1454 1114 mediae
1486 1070 1733 1114 comoediae
1765 1086 1877 1126 esse,

145 1142 271 1187 vitiis
303 1142 397 1186 suis
427 1142 516 1186 iam
546 1141 690 1198 magis
716 1141 1045 1185 memorabilem
1077 1157 1206 1199 quam
1227 1140 1475 1185 virtutibus
1497 1140 1707 1184 futuram.
1769 1155 1878 1183 som-

141 1212 218 1255 nia
259 1227 326 1255 me
368 1226 556 1255 narrare
599 1211 836 1269 putabitis.
918 1212 1107 1255 verebar
1147 1211 1243 1268 ipse
1281 1210 1471 1268 primum
1515 1225 1570 1253 ne
1611 1210 1875 1266 somniarer;

141 1281 220 1326 sed
250 1281 490 1325 manifesta
528 1296 602 1325 res
649 1284 719 1325 est
748 1280 949 1338 nullique
981 1281 1254 1325 dubitationi
1286 1280 1499 1334 obnoxia,
1549 1280 1718 1337 scripta
1764 1280 1879 1323 enim

140 1355 211 1395 est
241 1351 487 1408 superstite
519 1351 760 1395 Persarum
804 1365 943 1406 regno
975 1350 1154 1405 fabula,
1202 1350 1249 1393 in
1281 1366 1369 1407 qua
1401 1349 1706 1393 Timarchides
1735 1349 1876 1393 Athe-

141 1420 310 1464 niensis
357 1420 630 1479 expeditioni
678 1419 870 1464 interest
912 1435 939 1463 a
969 1435 1075 1476 rege
1105 1420 1348 1463 Persarum
1378 1419 1425 1462 in
1454 1419 1671 1462 Arabiam
1701 1434 1874 1476 suscep-

140 1492 239 1544 tae,
287 1493 333 1534 et
362 1490 504 1534 Persa
547 1489 744 1547 puellam
788 1504 842 1533 ex
880 1489 1056 1533 Arabia
1098 1493 1275 1546 raptam
1305 1489 1500 1532 Athenis
1531 1488 1701 1533 vendit.
1763 1504 1875 1546 quae

141 1559 258 1616 quod
288 1574 376 1603 non
405 1575 454 1604 re
497 1575 608 1604 vera
648 1559 769 1603 facta
800 1562 926 1615 sunt,
973 1559 1052 1603 sed
1083 1574 1110 1603 a
1142 1559 1299 1603 Toxilo
1341 1574 1470 1603 servo
1519 1558 1771 1614 finguntur,
1820 1559 1876 1601 ad

110 1628 250 1672 ,hanc
297 1644 390 1672 rem
439 1629 613 1673 omnino
657 1644 745 1673 non
784 1629 995 1686 pertinet.
1068 1629 1298 1686 finguntur
1340 1629 1455 1673 enim
1498 1628 1602 1686 quia
1640 1628 1738 1672 fieri
1768 1632 1875 1672 tunc

139 1701 365 1755 poterant.
426 1699 584 1757 quodsi
614 1699 733 1743 ratio
764 1702 955 1754 constat,
989 1715 1076 1756 qua
1099 1699 1313 1757 quidquid
1342 1699 1389 1742 in
1415 1698 1651 1742 comoediis
1684 1698 1736 1741 de
1767 1701 1875 1741 tem-

139 1782 248 1824 pore
293 1772 531 1826 praesente
579 1768 898 1826 pronuntiatur
946 1769 1003 1812 ad
1043 1769 1187 1826 ipsum
1218 1773 1393 1827 tempus
1424 1767 1659 1812 referimus
1691 1783 1775 1824 quo
1807 1783 1873 1811 co-

139 1837 312 1881 moedia
343 1838 588 1895 composita
634 1842 726 1893 est,
774 1853 847 1882 res
888 1838 1090 1882 confecta
1132 1842 1215 1882 est.
1277 1854 1327 1882 ac
1357 1838 1557 1895 profecto
1589 1837 1875 1895 Strepsiades

141 1909 188 1950 et
217 1906 507 1951 Pithetaerus
538 1907 874 1966 AristophaniS,
909 1907 1118 1952 Chremes
1150 1911 1196 1951 et
1225 1908 1357 1951 Micio
1388 1907 1623 1951 Menandri
1665 1908 1874 1965 aequales

138 1979 255 2020 sunt.
315 1976 404 2020 diei
435 1977 550 2021 enim
580 1977 724 2022 servit
754 1977 977 2021 comoedia
1017 1977 1240 2021 imitatrix
1270 1977 1405 2031 vitae,
1439 1976 1664 2033 speculum
1695 1992 1874 2021 consue-

138 2045 324 2090 tudinis.
386 2062 515 2104 quem
544 2062 673 2090 usum
714 2050 878 2091 natura
917 2047 1017 2104 ipsa
1047 2047 1307 2104 progenuit,
1350 2061 1595 2104 operaeque
1626 2050 1747 2089 esset
1776 2063 1873 2104 pre-

139 2114 251 2158 tium
272 2115 539 2170 examinare,
573 2119 792 2173 quatenus
823 2115 880 2159 ad
910 2131 1072 2172 magna
1102 2117 1292 2170 nomina,
1325 2116 1576 2159 Molierium
1608 2115 1875 2160 Goldonium

140 2183 432 2229 Calderonem
450 2185 567 2229 idem
587 2185 850 2243 pertineret.
910 2185 1107 2230 valuisse
1135 2201 1231 2230 eum
1253 2185 1446 2229 Athenis
1470 2185 1766 2229 demonstrem
1786 2202 1874 2230 non

140 2268 320 2298 necesse
343 2258 433 2298 est:
465 2255 635 2299 refutet
659 2255 857 2312 exemplo
878 2255 953 2312 qui
975 2256 1247 2299 contrarium
1270 2255 1505 2299 adfirmare
1536 2257 1714 2305 audeat.
1775 2274 1874 2302 nam

137 2323 464 2380 mythologicas
487 2324 665 2369 fabulas
690 2324 952 2381 tragoediae
973 2325 1181 2381 vestigiis
1212 2325 1473 2368 insistentes
1503 2325 1549 2368 in
1579 2326 1661 2369 hac
1700 2327 1876 2384 quidem

140 2407 276 2437 causa
305 2394 460 2451 procul
489 2394 717 2439 habendas
750 2409 848 2438 esse
878 2397 1019 2452 patet.
1082 2410 1347 2452 quamquam
1378 2395 1557 2438 Thebae
1587 2394 1873 2453 Amphitruo-

137 2461 208 2505 nis
240 2462 412 2506 omnino
436 2479 523 2507 non
544 2464 753 2507 Herculis
786 2464 866 2508 sed
887 2467 1046 2521 poetae
1077 2468 1273 2508 aetatem
1302 2464 1519 2518 redolent,
1553 2468 1686 2522 atque
1716 2466 1762 2509 in
1792 2467 1876 2511 hac

142 2531 439 2588 ambiguitate
477 2548 646 2578 summa
690 2533 823 2577 huius
872 2533 1198 2578 comoediarum
1246 2535 1424 2591 generis
1471 2534 1621 2591 gratia
1667 2535 1757 2580 sita
1788 2540 1872 2581 est.

140 2687 224 2712 eum
249 2677 342 2713 haec
366 2679 557 2715 comoedia
581 2679 819 2722 scriberetur,
844 2678 983 2715 civium
1003 2680 1289 2716 Atheniensium
1306 2681 1468 2717 iuniores
1494 2680 1532 2716 in
1559 2682 1726 2717 exercitu
1751 2682 1874 2726 fuisse,

142 2736 285 2780 equites
299 2736 519 2773 Corinthum
546 2750 622 2775 esse
637 2740 859 2775 convocatos
884 2739 1005 2784 prima
1030 2740 1112 2776 luce
1138 2741 1345 2786 expeditos,
1371 2741 1605 2786 Megarenses
1630 2754 1773 2778 summa
1798 2743 1876 2778 ino-

139 2794 205 2840 pia
230 2807 373 2841 pressos
399 2809 489 2841 esse,
514 2798 676 2843 denique
702 2799 819 2835 socios
844 2798 956 2834 fuisse
977 2799 1149 2844 Athenis,
1176 2800 1273 2836 inter
1300 2811 1392 2844 quos
1407 2801 1618 2836 Euboenses
1636 2801 1747 2837 fuisse
1773 2804 1873 2837 certe

139 2855 335 2899 probabile
369 2858 436 2892 est.
482 2858 684 2894 earundem
710 2858 877 2904 partium
911 2859 1122 2894 enumerari
1157 2859 1274 2895 socios
1300 2871 1382 2894 cum
1409 2859 1485 2895 alia
1510 2860 1644 2896 docent
1669 2862 1749 2895 tum
1775 2861 1875 2905 quod

140 2912 360 2949 Corinthum
385 2916 531 2960 equites
556 2917 805 2953 Athenienses
829 2919 1010 2953 vocantur
1035 2929 1102 2963 per
1127 2919 1218 2954 fines
1248 2918 1532 2964 Megarensium.
1583 2931 1694 2963 quam
1720 2920 1875 2956 societa-

139 2972 218 3007 tem
243 2973 433 3010 subditam
468 2987 544 3012 esse
570 2976 839 3012 Macedonibus
865 2976 1065 3012 Corinthus
1102 2979 1141 3013 et
1166 2978 1316 3014 Euboea
1343 2978 1616 3021 demonstrant,
1643 2979 1876 3015 firmamenta

139 3030 291 3067 illorum
327 3033 603 3072 dominationis.
676 3048 765 3082 ergo
803 3035 980 3072 facillime
1017 3037 1063 3073 de
1098 3038 1281 3074 Demetrii
1318 3037 1477 3083 imperio
1515 3037 1696 3082 annisque
1733 3038 1873 3075 eisdem

140 3090 398 3138 cogitabimus,
425 3095 560 3139 quibus
584 3095 780 3141 Epidicum
807 3094 1082 3141 adscripsimus.
