2139 3348
949 107 1122 160 -24
1181 142 1235 147 -

225 238 421 298 partium
450 251 666 294 personas
697 249 871 292 semper
912 233 1087 291 quidem
1117 232 1293 289 placere
1325 231 1431 285 scit,
1478 245 1677 288 semper,
1720 232 1773 273 ut
1802 229 1869 274 ita
1900 228 1964 273 di-

227 325 333 362 cam,
368 308 424 350 ad
452 307 604 350 vivum
635 320 732 349 esse
765 305 1025 357 delineatos,
1067 303 1134 345 ita
1163 305 1314 345 tamen
1343 303 1396 343 ut
1426 300 1726 344 constantiam
1756 304 1803 344 et
1834 315 1966 358 quam

228 378 330 421 inde
364 392 416 419 ex
445 375 696 418 Aristotele
729 374 872 418 critici
903 372 1138 430 requirunt
1167 370 1387 414 unitatem
1413 369 1460 412 in
1489 373 1589 413 tota
1616 370 1747 414 unius
1777 370 1966 414 hominis

229 447 421 503 imagine
446 460 618 502 semper
643 444 956 487 desideremus.
1019 457 1071 485 ea
1096 440 1377 498 potissimum
1394 438 1618 482 comoedia
1636 455 1747 497 quae
1766 440 1967 496 tragicas

229 531 444 574 personas
486 515 724 558 inducebat
767 511 869 555 inde
907 512 961 555 ab
993 511 1203 555 Ulixibus
1250 513 1296 553 et
1327 508 1487 552 Cocalo
1527 523 1666 566 usque
1698 509 1755 552 ad
1784 508 1968 566 Amphi-

232 591 439 644 tryonem
469 588 633 628 natura
666 599 745 626 sua
777 582 1033 639 cogebatur,
1065 584 1118 624 ut
1149 595 1202 624 ex
1222 579 1304 623 hac
1333 594 1504 622 morum
1533 578 1838 622 inconstantia
1869 594 1969 635 gra-

232 657 343 699 tiam
375 671 499 699 suani
532 656 780 711 quaereret.
841 655 975 709 atque
1006 666 1086 708 per
1116 651 1345 694 rhetorum
1375 650 1630 704 ἠθοποιίαν,
1663 663 1775 706 quae
1805 648 1852 691 in
1881 648 1971 706 Ly-

237 726 305 770 sia
336 729 382 769 et
412 724 642 781 Hyperide
686 723 817 779 plane
863 721 1070 765 absoluta
1101 724 1193 774 est,
1232 719 1462 776 magisque
1494 719 1629 762 etiam
1659 733 1739 775 per
1769 717 1974 775 Peripati

239 797 425 851 1ι’ῑθικοὺς
455 794 836 851 χαρακτηρισμούς
868 807 966 835 sero
1009 791 1185 835 exculta
1224 793 1294 834 est
1333 789 1610 833 admirabilis
1640 788 1721 832 illa
1750 788 1974 831 hominum

238 864 544 921 fingendorum
575 878 661 917 ars,
697 877 808 920 quae
840 878 866 905 a
898 861 1122 905 comoedia
1141 876 1257 905 nova
1286 875 1367 918 per
1396 859 1607 903 Plautum
1627 858 1974 916 Terentiumque

237 951 332 979 011111
364 934 420 978 ad
452 933 563 977 alios
608 936 703 976 tum
745 932 801 976 ad
831 932 1083 975 Molierium
1115 930 1317 984 devenit,
1359 944 1501 974 novae
1534 928 1785 972 comoediae
1813 928 1975 985 princi-

235 1020 346 1062 pem.
407 1019 509 1047 nam
540 1002 867 1059 Shakesperius
912 1002 1088 1059 quidem
1128 1001 1175 1044 in
1217 999 1446 1058 plerisque
1477 998 1714 1043 comoediis
1746 1014 1843 1043 011111
1872 997 1977 1041 Ari-

240 1074 457 1132 stophane
488 1073 640 1130 potius
673 1072 996 1130 componendus
1026 1075 1109 1115 est.

353 1143 442 1187 Sed
492 1143 599 1200 quid
649 1142 757 1186 haec
797 1142 944 1185 omnia
986 1141 1043 1185 ad
1086 1143 1282 1185 aetatem
1331 1139 1582 1183 comoediae
1626 1155 1653 1182 a
1697 1138 1860 1182 Plauto
1907 1152 1979 1181 ex-

237 1213 452 1271 pressae?
512 1213 624 1255 nihil
669 1212 856 1255 omnino.
918 1215 1062 1255 artem
1103 1214 1263 1268 poetae
1305 1209 1609 1263 definivimus,
1651 1223 1738 1251 non
1769 1211 1979 1252 aetatem.

242 1299 353 1341 quae
386 1299 460 1327 ars
494 1282 621 1325 modo
663 1283 717 1326 ab
749 1282 1076 1339 Aristophane,
1119 1281 1247 1324 modo
1289 1296 1316 1324 a
1345 1279 1591 1323 Menandro
1622 1279 1806 1336 propius
1837 1278 1980 1332 abest,

240 1353 384 1397 media
415 1353 555 1409 igitur
587 1356 656 1396 est
682 1352 802 1396 inter
833 1353 1063 1410 antiquam
1105 1356 1152 1395 et
1180 1366 1341 1395 novam
1373 1349 1653 1393 comoediam.
1715 1348 1794 1392 sed
1823 1363 1911 1391 non
1941 1348 1981 1391 is

243 1439 350 1478 suin,
385 1423 459 1480 qui
483 1425 676 1466 aetatem
700 1422 879 1465 fabulae
899 1422 1001 1465 hinc
1024 1421 1242 1465 definiam.
1303 1420 1507 1464 rudiores
1534 1423 1580 1463 et
1609 1418 1806 1476 plebeios
1823 1421 1982 1476 poetas

245 1493 381 1537 etiam
397 1493 583 1535 florente
605 1491 847 1535 Menandro
866 1492 1006 1535 fuisse
1026 1495 1370 1535 consentaneum
1392 1494 1475 1544 est,
1495 1490 1612 1533 sicut
1633 1489 1788 1547 quinto
1806 1487 1982 1532 saeculo

241 1578 328 1606 non
360 1577 508 1605 omnes
540 1578 701 1618 magna
746 1566 790 1606 et
830 1562 983 1619 populi
1014 1561 1307 1605 Atheniensis
1355 1561 1594 1604 maiestate
1637 1559 1773 1616 digna
1814 1562 1981 1603 tracta-

244 1634 365 1676 bant.
424 1632 558 1675 certis
590 1632 864 1689 temporibus
895 1633 1084 1676 mediam
1116 1631 1384 1676 comoediam
1415 1630 1777 1675 circumscribere
1809 1629 1984 1672 omnino

247 1717 334 1745 non
379 1702 508 1755 licet,
556 1717 697 1759 neque
742 1702 871 1745 credo
917 1702 997 1745 hoc
1037 1702 1235 1746 voluisse
1277 1701 1612 1746 Alexandrinos
1656 1699 1984 1757 grammaticos,

248 1788 344 1816 011111
377 1771 546 1816 duabus
570 1787 679 1829 quas
701 1772 989 1829 peripatetici
1011 1772 1351 1829 distinguebant
1373 1771 1610 1815 comoediis
1632 1770 1823 1815 mediam
1853 1769 1987 1814 adde-

245 1846 359 1886 rent.
422 1842 500 1886 sed
531 1857 670 1898 genus
704 1842 952 1886 comoediae
984 1842 1175 1886 medium
1197 1842 1550 1899 distinguebant.
1612 1841 1682 1885 cui
1713 1856 1809 1884 cum
1829 1839 1988 1884 Ulixes

246 1911 437 1965 Cratini,
472 1912 658 1956 Cocalus
692 1916 737 1957 et
768 1912 1003 1956 Aeolosieo
1035 1913 1357 1970 Aristophanis
1387 1912 1670 1965 tribuantur,
1714 1911 1838 1954 cuius
1868 1910 1988 1968 prin-

251 1997 352 2039 ceps
396 1997 493 2024 011111
535 1982 668 2025 Plato
709 1983 905 2036 feratur,
955 1999 1008 2026 ex
1047 1987 1145 2027 arte
1186 1998 1271 2026 non
1316 1998 1370 2027 ex
1410 1986 1562 2026 aetate
1593 1981 1858 2026 aestimatas
1890 1995 1988 2024 esse

253 2051 500 2094 comoedias
533 2051 797 2108 colligimus.
855 2068 1119 2111 quamquam
1162 2053 1298 2096 etiam
1337 2056 1535 2110 tempore
1565 2051 1733 2095 medios
1765 2050 1860 2094 fere
1891 2065 1989 2094 esse

253 2134 327 2162 eos
358 2123 514 2176 poetas
558 2121 631 2178 (1111
663 2136 802 2177 genus
834 2122 1054 2166 coluerint
1092 2123 1212 2166 inter
1243 2122 1594 2179 Aristophanem
1625 2125 1672 2165 et
1700 2120 1993 2164 Menandrum

252 2189 441 2232 medium
474 2193 816 2234 consentaneum
859 2195 941 2235 est.
1017 2193 1096 2235 sed
1125 2193 1245 2236 inter
1286 2193 1366 2236 hos
1399 2192 1575 2250 quidem
1605 2191 1737 2247 longe
1768 2189 1892 2234 aliud
1921 2193 1992 2233 est

254 2259 502 2302 discrimen.
580 2260 740 2317 quippe
789 2262 924 2304 semel
955 2262 1157 2305 funditus
1200 2263 1416 2307 innovata
1448 2265 1517 2305 est
1563 2260 1787 2304 comoedia
1816 2259 1989 2313 Attica,

254 2331 348 2370 tum
394 2343 490 2370 cum
537 2328 693 2372 chorus
739 2330 1010 2385 tollebatur,
1073 2332 1315 2375 histriones
1360 2331 1536 2388 phallos
1580 2331 1805 2387 ponebant
1842 2343 1992 2386 perso-

254 2411 422 2453 nasque
469 2401 514 2439 et
546 2402 805 2443 ornamenta
837 2402 1072 2444 sumebant
1101 2401 1224 2445 vitae
1256 2400 1527 2444 cottidianae
1558 2399 1702 2455 magis
1735 2399 1993 2442 convenien-

256 2471 339 2509 tes.
403 2467 518 2523 quod
560 2468 732 2524 quando
774 2470 913 2513 suerit
944 2471 1084 2526 (intra
1128 2485 1266 2515 annos
1297 2471 1392 2514 fere
1424 2470 1671 2521 380—340)
1713 2469 1885 2512 utinam
1915 2468 1994 2512 ali-

258 2536 430 2593 qnando
464 2536 715 2581 definiatur.
778 2554 918 2597 neque
962 2541 1147 2598 despero
1188 2541 1284 2584 fore
1314 2544 1366 2583 ut
1395 2539 1583 2596 figulina
1615 2538 1888 2582 Graecorum
1918 2553 1994 2582 ars

258 2606 340 2648 hac
373 2620 543 2663 quoque
574 2607 620 2649 in
652 2622 785 2652 causa
815 2610 986 2653 litteris
1019 2610 1206 2655 Graecis
1238 2610 1429 2654 salutem
1469 2609 1615 2666 ferat;
1656 2609 1762 2666 quin
1793 2612 1996 2652 acturum

262 2690 358 2718 esse
391 2675 443 2717 de
475 2677 724 2721 comoediae
767 2680 1060 2724 monumentis
1104 2695 1252 2724 rumor
1297 2683 1367 2724 est
1406 2680 1610 2724 iuvenem
1642 2678 1994 2735 archaeologum,

261 2745 336 2801 (1111
377 2759 518 2801 nuper
562 2748 715 2802 paucis
759 2749 837 2792 sed
878 2750 1113 2794 admodum
1142 2751 1287 2808 perite
1320 2750 1372 2794 de
1405 2749 1558 2793 eadem
1589 2749 1696 2805 egit.
1758 2749 1889 2792 choro
1921 2749 1996 2792 ab·

259 2814 374 2857 ieeto
407 2818 563 2858 auctus
595 2816 790 2862 fortasse
823 2823 893 2863 est
924 2820 1190 2864 histrionum
1220 2835 1441 2875 numerus,
1483 2835 1585 2862 nam
1615 2834 1703 2862 non
1734 2819 1876 2862 solum
1906 2834 1997 2862 mu-

263 2887 409 2926 tarum
439 2898 727 2940 personarum
758 2890 892 2932 turba
924 2906 1056 2947 saepe
1086 2891 1325 2945 inducitur,
1371 2889 1450 2933 sed
1479 2889 1709 2947 quaternis
1741 2892 1820 2932 aut
1850 2888 1996 2946 quinis

265 2953 493 2997 actoribus
524 2955 691 3000 multae
724 2959 973 3003 comoediae
1005 2961 1222 3016 indigent.
1284 2960 1446 3014 Persa,
1481 2974 1611 3016 quam
1641 2958 1835 3002 recentis
1865 2957 1997 3001 huius

266 3022 514 3066 comoediae
562 3040 659 3068 esse
705 3042 790 3070 non
838 3033 907 3072 cst
954 3030 1070 3087 quod
1105 3030 1272 3073 diserto
1319 3028 1623 3087 pronuntiem,
1670 3027 1998 3071 Lemniselenin

265 3093 459 3136 fortasse
491 3099 837 3153 παραχορήγημα
867 3099 1015 3155 habet,
1049 3100 1403 3159 quandoquidem
1433 3099 1501 3144 bis
1533 3101 1659 3143 terve
1689 3113 1831 3156 pauca
1861 3097 1999 3143 verba
