2139 3348
884 168 1172 211 —11-

161 285 349 337 Ulixem,
380 287 432 327 ut
452 285 567 327 hunc
589 283 838 342 quaesitum
852 298 997 326 secum
1021 290 1106 337 eat,
1131 282 1403 326 cohortatur.
1436 284 1643 325 invenies:
1667 287 1711 325 tu
1733 288 1893 326 tantum

152 356 362 410 providus
405 359 500 397 astu
540 355 657 397 tende
695 354 882 396 animum
912 354 1077 408 viffl'lem
1105 354 1410 408 secundumque
1440 353 1550 408 eriqe
1575 358 1722 407 pectus
1756 389 1763 396 .
1795 369 1894 396 uam

161 427 265 469 milei
302 426 394 480 quis
434 429 575 467 vatum
608 424 746 466 dubiis
785 424 832 464 in
864 424 1026 465 casibus
1057 424 1171 466 ausit
1198 425 1293 477 fata
1322 424 1460 465 videre
1487 423 1641 476 prior?
1701 424 1781 466 1100
1814 427 1895 477 est,

165 495 341 551 ingenio
372 498 548 537 tantum
579 493 704 536 valet
733 492 915 546 Ulixes,
962 495 1014 534 ut
1043 492 1282 536 Diomedes
1319 496 1439 535 certe
1487 507 1536 535 eo
1568 492 1636 534 uti
1671 493 1799 536 malit
1830 509 1895 536 co-

163 565 269 608 mite
302 580 431 622 quam
463 563 620 621 quovis
652 566 770 605 vate.
831 565 896 612 τίς
918 565 1000 618 γὰρ
1032 566 1179 618 ἔμοιγε
1202 563 1256 605 ἂν
1286 565 1515 617 τολμήσειε
1541 562 1740 617 μάντεων
1771 564 1895 618 τάλη-

163 634 242 685 θὲς
274 636 387 677 ἰδεῖν
418 636 650 689 πρότερος;
683 633 913 689 impudens
953 632 1133 674 videtur
1173 631 1376 674 Diomedi
1407 635 1559 686 vates,
1608 632 1683 689 qui
1721 632 1895 675 Ulixem

163 705 340 748 vincere
382 704 558 747 audeat.
630 702 759 744 nihili
801 705 870 745 est
907 701 1142 745 Schraderi
1180 701 1426 754 inventum,
1471 702 1544 758 qui
1579 703 1691 743 ausit
1713 702 1757 744 in
1788 704 1899 744 adsit

163 774 379 827 mutabat,
411 777 463 815 ut
493 774 607 827 milei,
642 773 822 815 dativus
855 771 1040 824 ethicus,
1073 771 1260 814 haberet
1291 786 1375 828 quo
1416 772 1676 814 referretur.
1738 771 1899 814 Putea-

162 859 271 887 neus
302 858 385 885 uon
415 858 495 899 pro
526 857 625 884 uam
666 842 856 885 exhibet.
927 841 1042 898 quod
1085 856 1169 883 non
1211 840 1351 883 audeo
1384 841 1710 894 commendare,
1756 841 1898 883 vindi—

163 913 283 956 cabit
313 913 507 955 fortasse
538 911 800 968 profundior
831 911 1019 953 aliorum
1049 910 1262 952 doctrina.

277 982 301 1025 I
332 982 431 1024 232.
478 981 635 1024 Thetis
677 980 907 1037 delphinos
958 980 1191 1032 iunxerat,
1235 979 1394 1036 quibus
1445 979 1583 1021 filium
1630 995 1652 1022 0
1692 979 1897 1022 Chironis

165 1055 294 1095 antro
328 1052 516 1109 Scyrum
548 1051 801 1104 deveheret,
835 1050 1044 1106 iubetque
1079 1050 1302 1091 subsistere
1324 1049 1451 1102 pleuo
1483 1049 1623 1102 lilore,
1665 1064 1717 1091 ue
1761 1051 1899 1092 uudae

163 1125 339 1164 noceant
392 1121 585 1175 eoutayia
642 1125 791 1162 terrae.
878 1119 977 1176 ipsa
1022 1118 1242 1161 Achillem
1304 1118 1591 1161 dormientem
1650 1119 1706 1161 ad
1761 1134 1900 1175 aquas

165 1191 395 1248 deportat,
434 1190 703 1244 prosequitur
734 1190 876 1231 clivam
917 1189 1141 1242 celeresque
1180 1201 1373 1230 recursus
1413 1201 1583 1229 securus
1622 1189 1763 1242 pelaqi
1807 1188 1901 1230 Olei-

163 1275 243 1304 ron
287 1265 397 1304 rotat
436 1261 599 1314 udaque
640 1260 743 1302 celat
784 1260 946 1301 lumina
990 1263 1030 1300 et
1073 1259 1262 1311 abreptos
1306 1258 1439 1299 subito
1478 1259 1729 1311 iamiamque
1770 1259 1900 1300 lateu-

167 1335 226 1374 tes
268 1334 398 1373 erecto
428 1333 666 1383 prospectat
695 1343 816 1383 equo,
861 1343 941 1382 qua
974 1342 1082 1370 caua
1111 1342 1340 1380 parumper
1369 1331 1572 1380 spumant
1611 1329 1733 1381 siqua
1776 1329 1903 1381 suque

167 1404 204 1444 et
234 1401 392 1454 liquido
415 1400 529 1453 perit
560 1399 696 1441 orbita
717 1403 859 1452 ponto.
934 1401 1172 1440 centaurus
1214 1397 1340 1439 deam
1384 1400 1429 1439 et
1460 1396 1733 1439 carissimum
1765 1397 1900 1439 alum-

167 1485 270 1513 num
301 1469 552 1522 comitatur,
585 1468 840 1524 ingreditur
879 1468 924 1510 in
956 1483 1076 1511 mare
1109 1467 1280 1524 equinis
1312 1466 1523 1523 pedibus,
1566 1467 1610 1508 in
1643 1467 1756 1509 mari
1788 1467 1900 1509 enim

170 1554 326 1582 currus
359 1538 580 1595 delphinis
623 1541 779 1580 vectus
820 1541 916 1590 est,
962 1541 1006 1580 et
1036 1540 1087 1579 ut
1119 1552 1256 1594 equus
1288 1536 1548 1579 circumsilit
1581 1536 1902 1591 digredientem

170 1609 216 1652 in
248 1608 469 1651 aestuosis
485 1607 634 1650 litoris
665 1607 809 1660 undis,
844 1607 945 1650 dein
975 1607 1094 1649 redit
1125 1606 1365 1658 celerrime,
1398 1609 1450 1648 ut
1482 1621 1611 1662 quam
1643 1605 1901 1661 longissime

108 1726 113 1731 ,
171 1677 448 1736 prospiciens
497 1677 699 1734 quamvis
755 1676 1092 1719 lacrimantibus
1149 1675 1288 1718 oculis
1338 1674 1673 1717 dilectissimum
1719 1690 1903 1731 puerum

168 1750 481 1806 prosequatur.
543 1747 809 1790 suavissime
840 1746 949 1789 haec
979 1746 1087 1788 mihi
1127 1745 1308 1788 videtur
1338 1744 1592 1787 instituisse
1625 1744 1769 1787 omnia
1801 1744 1902 1787 Sta-

167 1818 272 1871 tius,
305 1832 445 1874 neque
464 1816 644 1859 minima
660 1816 878 1859 Puteanei
898 1816 997 1859 laus
1027 1818 1109 1868 est,
1142 1814 1258 1872 quod
1278 1818 1388 1856 rotat
1411 1813 1624 1867 servavit,
1656 1814 1733 1856 ubi
1765 1814 1903 1857 ceteri

169 1886 430 1942 languidum
459 1890 578 1941 rogyat
607 1886 838 1942 praebent.

288 1956 313 1999 I
344 1956 441 1998 262.
475 1971 609 2011 aegre
630 1955 771 1998 ferret
793 1955 969 1998 Statius
1002 1954 1195 1997 artificia
1217 1969 1298 1997 sua
1321 1953 1636 2008 distinguendo
1661 1953 1902 1995 obscurari.

175 2026 250 2083 qui
279 2025 516 2082 plurimum
549 2024 744 2067 studium
787 2024 908 2081 epico
939 2039 1059 2066 more
1090 2024 1134 2066 in
1167 2023 1570 2080 comparationibus
1602 2021 1903 2079 perpoliendis

174 2094 412 2138 collocavit
457 2098 611 2150 atque,
646 2109 741 2136 cum
772 2093 963 2136 vidisset
994 2093 1038 2136 in
1069 2093 1287 2150 principio
1317 2093 1575 2149 plerumque
1605 2091 1822 2146 longioris
1853 2094 1905 2133 ut

172 2164 239 2206 ita
271 2163 412 2206 dicam
442 2163 613 2220 periodi
646 2163 997 2219 comparationes
1027 2163 1144 2219 poni,
1190 2162 1255 2205 ita
1286 2166 1338 2204 ut
1367 2162 1568 2219 protasin
1599 2160 1807 2216 imaginis
1840 2176 1904 2204 se-

173 2236 384 2290 queretur
415 2232 622 2289 apodosis
667 2232 952 2285 narrationis,
1003 2232 1247 2274 orationem
1278 2232 1344 2274 ita
1386 2231 1588 2284 novavit,
1633 2234 1684 2272 ut
1727 2231 1905 2287 longam

173 2317 381 2345 versuum
405 2302 562 2345 seriem
585 2302 866 2345 concluderet
897 2302 1130 2359 splendida
1148 2301 1488 2358 comparatione.
1549 2301 1705 2350 deinde
1735 2301 1907 2358 paullu-

171 2371 261 2414 lum
294 2371 517 2414 subsistit:
565 2387 768 2414 coronam
800 2372 906 2414 altis
938 2371 1119 2414 vocibus
1156 2370 1366 2414 recitanti
1396 2372 1555 2427 poetae
1587 2378 1737 2426 σοφῶς
1767 2370 1906 2413 accla-

173 2445 366 2484 mantem
386 2441 541 2485 audire
560 2442 688 2485 nobis
714 2442 928 2485 videmur.
991 2457 1044 2484 ex
1065 2457 1152 2484 uno
1173 2441 1415 2483 Thebaidis
1445 2440 1559 2483 libro
1592 2455 1799 2483 versuum
1830 2455 1907 2482 nu-

172 2526 316 2554 meros
363 2510 590 2565 adscribo,
640 2511 844 2564 videant,
888 2526 1068 2568 quorum
1100 2510 1292 2553 interest
1332 2512 1473 2553 artem
1508 2513 1666 2566 poetae
1710 2509 1905 2552 rhetoris

176 2594 440 2635 cognoscere
482 2580 602 2622 VIII
634 2580 730 2633 124,
763 2581 861 2636 237,
894 2581 991 2634 255,
1024 2581 1123 2635 266,
1156 2580 1252 2633 357,
1288 2579 1384 2632 369,
1417 2579 1514 2631 423,
1548 2578 1644 2628 531,
1678 2578 1774 2631 544,
1809 2578 1905 2631 572,

178 2649 275 2692 616.
335 2665 423 2693 non
453 2650 617 2693 desunt
648 2650 782 2693 aliter
816 2650 1114 2702 conformatae
1137 2648 1503 2706 comparationes,
1537 2650 1589 2689 ut
1618 2647 1663 2689 in
1694 2647 1773 2690 illo
1794 2647 1907 2690 The-

175 2718 320 2761 baidis
352 2719 467 2762 libro
500 2719 699 2762 691—95
731 2724 808 2763 aut
839 2720 1004 2763 Achill.
1037 2719 1062 2762 I
1092 2719 1196 2772 315,
1246 2718 1323 2761 sed
1362 2718 1493 2773 longe
1532 2716 1749 2773 plurimae
1780 2732 1908 2774 pecu-

175 2787 334 2830 liarem
363 2787 476 2831 hanc
509 2789 697 2845 speciem
727 2790 945 2832 referunt.
1005 2789 1086 2831 hoc
1126 2788 1270 2844 igitur
1298 2786 1426 2830 modo
1458 2785 1570 2828 illud
1602 2785 1807 2828 carminis
1840 2801 1909 2828 ca-

176 2859 272 2913 put,
306 2872 390 2914 quo
413 2856 570 2900 Thetis
601 2857 770 2900 Achilli
799 2858 1053 2915 persuadet,
1085 2861 1137 2900 ut
1168 2857 1281 2900 dolis
1316 2856 1408 2900 suis
1440 2870 1603 2898 morem
1635 2858 1777 2910 gerat,
1813 2869 1909 2897 con·

178 2926 374 2969 cluditur
406 2927 733 2983 comparatione
768 2928 868 2985 equi
898 2943 1051 2970 recens
1098 2926 1276 2970 domati.
1336 2930 1441 2969 tunc
1471 2928 1706 2982 postquam
1736 2924 1909 2981 paullu-

178 2996 269 3038 lum
317 2995 576 3050 substituit,
622 3012 805 3040 narrare
851 2997 1001 3054 pergit
1045 2999 1178 3053 poeta
1219 2997 1312 3051 quis
1358 2996 1460 3037 deus
1500 2995 1702 3037 attonitae
1734 2994 1911 3047 fraudes

180 3069 393 3120 astumque
423 3066 600 3119 parenti
638 3066 846 3109 contulit?
918 3067 1137 3109 indocilem
1179 3080 1284 3120 quae
1314 3079 1428 3107 meus
1460 3064 1642 3107 detraxit
1671 3063 1913 3105 Achillem?

186 3137 232 3177 et
262 3135 503 3192 respondet
534 3135 883 3192 interrogationi
912 3135 1171 3179 Deidamiae
1204 3150 1365 3189 amore,
1399 3149 1483 3191 quo
1515 3132 1707 3176 Achillis
1738 3132 1910 3188 rigidus
