2139 3348
869 104 1154 148 -23-

140 223 222 267 bus
253 220 502 266 delectatae
545 219 674 265 unice
706 220 912 265 serviret.
977 236 1117 278 genus
1149 220 1399 266 comoediae
1429 237 1618 280 pravum
1658 226 1752 280 est,
1797 225 1876 270 sed

138 293 186 336 in
231 292 313 335 hoc
352 306 515 348 genere
557 291 750 349 optimus
780 291 948 335 Persae
980 295 1108 335 actus
1140 291 1344 350 quintus,
1393 292 1496 336 dum
1524 294 1651 338 modo
1681 294 1876 351 legentis

138 377 261 406 mens
294 365 340 405 et
370 361 542 404 animus
583 361 764 418 frigidis
802 361 1008 405 versibus
1043 361 1304 418 sanguinem
1352 361 1459 405 dare
1501 363 1638 418 sciat,
1673 379 1800 422 quem
1831 365 1877 408 in

137 432 317 475 theatro
372 446 452 488 per
503 431 769 474 histrionum
825 434 972 474 motus
1026 431 1326 489 tibiarumque
1379 431 1531 476 modos
1583 433 1874 491 accipiebant.

138 502 403 545 accumbunt
433 504 536 545 ante
568 500 700 544 aedes
722 499 907 543 Toxilus
941 515 1036 544 cum
1059 501 1201 544 amica
1233 516 1314 544 sua
1346 504 1392 544 et
1422 500 1689 557 Sagaristio,
1735 502 1875 560 Paeg-

136 571 258 614 nium
289 572 525 629 pincernae
556 585 735 613 munere
777 569 995 626 fungitur.
1057 570 1206 613 tristis
1248 570 1420 615 accedit
1450 570 1701 626 Dordalus,
1747 587 1874 630 quem

135 655 216 698 per
246 641 489 684 ludibrium
530 644 582 684 ut
614 640 846 683 accumbat
877 639 1062 683 Toxilus
1103 639 1295 683 invitat:
1339 640 1428 684 iam
1469 640 1768 685 lascivissima
1809 658 1874 686 se-

137 710 290 768 quitur
320 709 508 766 Paegnii
540 709 750 764 saltatiO,
795 709 869 766 qui
912 709 1039 752 modo
1073 709 1285 766 cyathum
1315 710 1513 754 Dordalo
1547 711 1702 764 offert,
1747 712 1874 755 modo

136 780 373 823 cinaedicis
404 779 596 822 motibus
632 794 730 822 eum
759 779 970 833 lacessit,
1017 779 1144 822 modo
1176 780 1363 836 pedibus
1395 781 1525 837 ferit;
1570 796 1649 825 nec
1687 797 1874 839 pausam

135 849 246 893 facit
276 849 364 892 nisi
394 852 446 891 ut
475 864 614 893 novos
647 849 834 906 cyathos
865 849 1126 906 potantibus
1148 849 1387 894 ministret.
1451 851 1608 895 deinde
1638 855 1875 910 postquam

133 919 320 976 Hegiae,
352 919 515 962 nobilis
548 918 805 973 saltatoris,
848 919 1107 962 staticulum
1138 934 1249 977 puer
1278 920 1481 964 imitatus
1514 924 1596 976 est,
1630 921 1765 965 etiam
1795 922 1873 966 Sa-

135 989 324 1045 garistio
363 988 553 1031 Diodori
593 988 746 1032 Ionica
792 988 1033 1032 saltatione
1086 1004 1133 1033 se
1177 993 1364 1034 exercet.
1429 994 1642 1048 quantum
1692 992 1874 1036 creditis

133 1059 289 1102 risisse
319 1058 616 1115 plebeculam,
650 1074 746 1102 cum
775 1059 992 1103 bubulcus
1024 1059 1151 1103 modo
1185 1075 1207 1103 e
1237 1059 1430 1117 pistrino
1462 1060 1635 1104 solutus
1665 1061 1873 1105 mollissi-

133 1143 226 1171 mos
272 1128 554 1172 cinaedorum
604 1132 750 1171 motus
794 1129 1153 1186 periclitabatur.
1229 1133 1455 1187 postremo
1502 1135 1548 1174 et
1595 1130 1780 1175 Toxilus
1828 1135 1874 1175 et

132 1198 455 1242 Lemnise1enis
488 1203 690 1255 surgunt,
726 1215 989 1257 quamquam
1020 1200 1129 1243 haec
1158 1203 1349 1257 patrono
1376 1204 1470 1244 tam
1500 1201 1741 1244 crudeliter
1771 1201 1870 1244 illu-

136 1268 240 1312 dere
273 1269 600 1326 aliquantisper
633 1272 880 1321 cunctatur,
914 1274 959 1313 et
979 1269 1206 1313 Dordalus
1239 1270 1359 1313 humi
1379 1270 1604 1327 proiectus
1627 1271 1873 1315 miserrime

132 1339 431 1396 proculcatur,
465 1339 602 1382 donec
631 1354 787 1382 manus
820 1339 899 1383 dat
931 1339 1190 1398 domumque
1221 1340 1360 1396 fugit:
1393 1344 1644 1394 spectatores
1675 1342 1772 1384 bene
1801 1357 1872 1384 va-

133 1409 225 1452 lete:
271 1409 361 1452 Zeno
399 1410 549 1463 periit:
587 1410 793 1463 plaudite.
854 1409 1075 1467 plausisse
1121 1410 1251 1454 credo
1293 1414 1339 1454 et
1368 1410 1536 1454 Romae
1578 1414 1624 1454 et
1654 1410 1870 1467 Athenis;

133 1479 212 1523 sed
252 1479 365 1523 hanc
412 1479 678 1523 comoediam
720 1495 861 1537 neque
907 1483 1041 1537 poeta
1071 1480 1117 1522 in
1149 1480 1272 1523 cuius
1303 1480 1448 1524 animo
1481 1480 1668 1524 Gratiae
1699 1480 1872 1525 habita-

131 1549 243 1592 bant
272 1564 413 1607 neque
446 1549 745 1606 Theophrasti
779 1550 945 1593 amicus
987 1550 1245 1607 composuit.
1313 1554 1406 1593 tam
1438 1551 1590 1607 quinto
1624 1566 1754 1608 quam
1784 1554 1872 1594 ter-

130 1619 196 1667 tio
228 1620 403 1662 saeculo
435 1619 574 1663 fuisse
607 1619 682 1677 qui
711 1619 832 1677 plebi
855 1620 1080 1663 servirent
1112 1623 1455 1664 consentaneum
1478 1623 1558 1674 est,
1593 1620 1735 1664 forma
1764 1636 1871 1664 vero

133 1689 262 1732 exodi
293 1689 462 1732 veteris
494 1705 615 1744 usus,
649 1689 1003 1745 comissationis,
1037 1690 1228 1747 speciem
1261 1693 1434 1744 servat,
1478 1693 1524 1734 et
1554 1690 1653 1747 ipsa
1684 1690 1869 1734 saltatio

133 1759 385 1816 Vesparum
428 1763 507 1803 aut
537 1759 661 1803 Pluti
708 1760 858 1817 potius
902 1776 1031 1817 quam
1074 1760 1380 1818 Adelphorum
1421 1763 1500 1804 aut
1529 1760 1752 1803 Rudentis
1793 1764 1872 1804 aut

131 1829 396 1873 Mercatoris
441 1845 521 1873 nos
568 1830 788 1874 admonet.
864 1846 966 1874 nam
998 1829 1188 1884 Casina,
1238 1830 1325 1874 etsi
1363 1846 1450 1873 non
1481 1830 1625 1874 minus
1655 1830 1870 1874 lascivam

133 1915 337 1943 scaenam
368 1903 414 1943 et
456 1899 674 1943 actionem
705 1899 967 1942 alacriorem
1007 1899 1116 1942 adeo
1149 1899 1367 1953 continet,
1411 1898 1613 1942 sollemni
1654 1899 1870 1942 fescenni-

132 1984 286 2012 norum
315 1969 583 2027 nuptialium
613 1969 707 2012 ritu
729 1973 966 2012 excusatur
998 1973 1044 2012 et
1064 1969 1250 2013 formam
1273 1969 1451 2012 exhibet
1471 1969 1603 2025 longe
1632 1968 1868 2013 diversam.

132 2038 213 2081 hoc
229 2038 343 2081 enim
360 2039 569 2096 antiquae
587 2039 834 2082 comoediae
860 2038 1084 2096 peculiare
1102 2042 1185 2093 est,
1223 2038 1336 2081 utin
1353 2038 1707 2081 comissationem
1723 2043 1866 2082 exeat.

246 2108 314 2151 De
345 2109 540 2151 moribus
570 2123 861 2165 personarum
891 2108 1007 2165 quod
1038 2108 1179 2151 dicam
1210 2123 1296 2151 non
1327 2108 1493 2162 habeo,
1541 2107 1630 2150 nisi
1660 2123 1747 2151 non
1780 2109 1866 2151 sin-

131 2178 334 2234 gulorum
364 2179 586 2221 hominum
623 2194 771 2221 omnes
804 2194 925 2232 esse,
971 2178 1049 2221 sed
1081 2193 1206 2221 suum
1241 2193 1456 2235 quamque
1501 2193 1642 2234 genus
1684 2178 1866 2234 referre,

131 2248 177 2290 in
209 2263 368 2292 scaena
398 2249 593 2292 fortasse
626 2248 803 2305 saepius
827 2264 957 2306 quam
988 2248 1034 2290 in
1066 2248 1162 2291 vita
1184 2251 1446 2304 spectatum.
1507 2247 1733 2291 Dordalus
1764 2249 1868 2306 quia

130 2317 230 2360 leno
263 2322 345 2372 est,
395 2318 594 2375 impurus
641 2322 686 2361 et
734 2317 940 2375 periurus
988 2333 1085 2361 esse
1127 2318 1348 2371 creditur,
1394 2317 1490 2374 ipse
1521 2317 1658 2360 talem
1690 2333 1737 2361 se
1769 2334 1867 2362 esse

129 2387 388 2444 profitetur,
440 2388 519 2432 sed
560 2387 785 2431 inhonesti
827 2388 939 2430 nihil
979 2388 1229 2431 committit.
1291 2387 1473 2431 Saturio
1523 2387 1576 2430 de
1622 2388 1868 2444 parasitica

131 2460 230 2500 arte
273 2457 414 2501 multa
443 2458 583 2501 verba
612 2457 750 2511 facit,
799 2457 877 2500 sed
908 2472 1019 2515 quae
1050 2457 1187 2512 facit,
1235 2457 1536 2515 sycophantae
1566 2457 1716 2514 potius
1749 2462 1866 2502 sunt.

129 2525 450 2571 Lemniselenis
502 2543 630 2571 serva
672 2530 717 2571 et
760 2527 972 2570 meretrix
1021 2542 1127 2570 vero
1172 2526 1320 2570 Toxili
1360 2541 1508 2570 amore
1553 2527 1699 2570 teneri
1742 2527 1867 2571 vide-

131 2599 220 2639 tur.
282 2595 533 2653 Sagaristio
574 2597 702 2640 modo
743 2597 1041 2654 nequissimus
1074 2612 1231 2640 servus
1263 2600 1357 2651 est,
1403 2596 1619 2654 vapulare
1651 2600 1698 2640 et
1727 2597 1772 2640 in
1803 2597 1867 2654 pi-

133 2665 277 2709 strino
302 2667 501 2724 torqueri
523 2667 696 2722 solitus,
731 2667 858 2710 modo
890 2683 1052 2724 magna
1074 2683 1170 2711 cum
1200 2667 1388 2725 pecunia
1405 2670 1631 2725 tamquam
1661 2667 1866 2711 fidelissi-

129 2750 228 2779 mus
259 2750 416 2780 servus
446 2752 635 2794 peregre
665 2737 865 2781 mittitur
905 2741 951 2780 et
982 2753 1152 2781 summa
1182 2738 1228 2780 in
1259 2736 1446 2781 amicum
1475 2736 1560 2780 fide
1593 2740 1676 2780 est.
1735 2737 1866 2794 virgo

132 2820 395 2863 quamquam
431 2807 658 2851 castitatis
707 2811 752 2851 et
804 2807 1098 2852 verecundiae
1141 2811 1295 2865 partes
1346 2809 1605 2850 constanter
1649 2806 1863 2861 defendit,

131 2878 281 2919 tamen
328 2876 517 2919 omnium
561 2877 845 2921 meretricum
885 2880 1007 2921 artes
1049 2893 1262 2935 superare
1302 2877 1400 2921 scit.
1470 2876 1549 2920 sed
1578 2876 1690 2920 hanc
1719 2876 1866 2920 incon-

132 2945 346 2989 stantiam
387 2946 617 3004 quominus
649 2962 782 3004 aegre
823 2946 1030 3001 feramus,
1064 2947 1274 2991 celeritas
1306 2949 1352 2990 et
1380 2946 1509 2990 nervi
1539 2949 1584 2989 et
1613 2946 1744 3002 vigor
1775 2961 1864 2990 ser-

130 3015 272 3058 monis
316 3016 536 3073 prohibet.
609 3016 684 3074 qui
722 3016 1075 3074 Aristophanem
1120 3017 1265 3075 ipsum
1317 3016 1414 3074 ipse
1456 3015 1738 3072 cognoverit,
1784 3015 1862 3059 Di-

129 3084 359 3145 caeopolin
414 3085 741 3132 Philocleonem
793 3086 1050 3146 Trygaeum
1104 3091 1363 3147 ceterosque
1418 3101 1566 3132 omnes
1617 3086 1859 3145 primarum
