2139 3348
900 136 1186 179 -13-

167 259 275 301 licis.
335 269 476 313 neque
505 253 642 297 habet
678 253 872 296 Peneum
896 251 1058 294 flumen
1090 251 1241 304 silvas,
1274 265 1415 308 neque
1447 249 1708 293 Thessaliae
1738 250 1902 293 flumen

167 326 254 370 toti
275 323 535 368 Thessaliae
561 326 713 381 potest
729 321 901 380 opponi,
923 335 1064 378 neque
1082 320 1300 363 traditum
1318 321 1468 363 Peneis
1498 319 1542 362 in
1576 319 1740 376 optimo
1771 319 1900 371 libro,

169 395 248 438 sed
279 394 554 447 Paeneiouis,
604 392 720 450 quod
762 391 999 435 conflatum
1045 394 1115 433 est
1159 405 1212 433 ex
1243 391 1445 432 Paeoniis
1477 393 1523 432 et
1551 389 1719 432 Peneis.
1779 389 1904 432 nulla

168 464 293 520 regio
335 463 484 521 aptius
529 478 624 506 cum
667 461 902 504 Thessalia
947 459 1223 516 componitur
1270 474 1398 516 quam
1443 458 1648 500 Thracia.

279 534 412 576 1484.
431 547 579 576 omnes
598 531 761 574 Graeci
777 529 998 573 Achillem
1009 529 1302 572 fortissimum
1324 528 1513 571 omnium
1530 542 1626 570 esse
1643 527 1898 579 concedunt,

163 605 267 647 cedit
287 604 410 646 turba
433 603 585 645 ducum
605 602 796 654 vincique
820 600 935 642 haud
951 604 1106 642 maesta
1127 601 1301 653 fatetur.
1335 597 1538 654 sequitur
1559 596 1731 639 adnexa
1764 596 1825 638 sic
1851 600 1903 638 ut

168 672 295 716 modo
336 671 553 729 descripsi
595 669 879 727 comparatio.
939 669 999 711 sic
1040 683 1131 711 cum
1158 668 1366 721 pallentes
1398 667 1635 721 Phleyraea
1674 666 1722 707 in
1764 669 1904 707 castra

166 743 324 786 coirent
364 741 580 785 caelicolae
621 773 629 782 .
664 773 672 782 .
708 773 716 782 .
759 740 895 782 stabat
940 739 1089 781 anhela
1134 741 1243 779 metu
1299 737 1432 778 solum
1487 739 1645 778 natura
1688 739 1903 777 tonantem

164 813 402 865 respiciens.
466 811 570 853 deos
593 808 824 866 palluisse,
857 824 953 852 cum
979 810 1135 850 contra
1156 807 1367 862 gigantas
1401 821 1446 848 se
1479 804 1774 860 accingerent,
1806 803 1902 846 iure

171 895 250 923 suo
281 883 506 936 negarunt
538 878 695 932 critici,
728 893 809 921 nec
839 877 1097 921 conveniret
1126 876 1207 918 hoc
1239 874 1454 928 Graecis,
1487 873 1561 930 qui
1591 873 1710 916 haud
1740 872 1902 915 maesti

167 950 336 992 Achilli
367 949 541 992 cedunt.
603 948 682 991 sed
713 947 828 1004 quod
859 947 1035 990 eosdem
1057 946 1209 999 palari
1238 944 1417 997 volunt,
1450 943 1648 999 ineptum
1680 946 1772 985 est:
1806 957 1903 984 con-

172 1019 358 1062 veniunt
389 1018 503 1061 enim
535 1033 558 1060 e
590 1018 683 1060 suis
715 1017 900 1074 quisque
931 1016 1080 1069 terris,
1113 1014 1236 1058 Mars
1269 1029 1291 1057 e
1323 1013 1538 1067 Thracia,
1571 1012 1774 1055 Minerva
1806 1011 1904 1054 Tri-

173 1092 290 1142 tone,
322 1087 487 1145 Apollo
518 1087 646 1131 Delo.
711 1087 909 1129 bellantes
953 1089 1101 1128 autem
1133 1084 1278 1127 otiosa
1310 1087 1379 1126 est
1409 1083 1714 1140 interpolatio.
1776 1082 1904 1126 confi-

172 1157 330 1200 denter
359 1172 473 1214 pono
505 1171 579 1200 eos
611 1157 807 1199 Pallenes
837 1156 1068 1210 Phleyraea
1098 1155 1146 1197 in
1177 1158 1317 1197 castra
1349 1153 1503 1196 coisse.

743 1499 827 1543 DE
858 1498 1091 1542 PLAUTI
1121 1496 1336 1541 PERSA.

294 1644 418 1698 Quae
463 1660 577 1688 nunc
608 1644 852 1688 edisseram
882 1644 1076 1687 libenter
1118 1641 1388 1698 Kiesslingii
1436 1641 1598 1684 iudicio
1649 1640 1904 1695 subicerem,

183 1714 259 1771 qui
289 1714 336 1757 in
365 1713 528 1757 Plauto
559 1714 806 1758 lectitando
839 1729 865 1757 a
896 1728 1016 1756 mero
1049 1711 1262 1756 sermonis
1294 1710 1462 1755 veteris
1495 1710 1644 1754 studio
1677 1710 1906 1753 emendan-

173 1783 303 1840 dique
348 1783 560 1840 periculis
607 1784 664 1826 ad
710 1787 852 1826 artem
902 1782 1108 1826 comicam
1154 1781 1477 1824 aestimandam
1534 1783 1580 1823 et
1637 1779 1908 1837 exemplaria

172 1851 345 1896 Graeca
366 1853 682 1909 investiganda
703 1856 876 1895 mature
909 1867 956 1896 se
979 1855 1263 1896 converterat
1295 1855 1340 1893 et
1367 1849 1632 1893 Aululariae
1663 1849 1909 1906 exemplum

170 1926 275 1979 post
307 1921 540 1965 Gallorum
571 1922 867 1980 irruptionem
889 1921 1179 1979 compositum
1212 1935 1309 1964 esse
1340 1919 1462 1962 felici
1493 1919 1693 1963 acumine
1723 1918 1908 1962 investi-

171 1995 374 2048 gaverat,
437 2007 517 2048 ego
551 1996 700 2035 autem
731 2007 828 2035 cum
860 1991 1121 2034 adulescens
1161 1989 1304 2046 magis
1338 2004 1468 2046 quam
1498 1988 1627 2031 hodie
1661 1987 1909 2031 comoediae

173 2061 372 2105 Graecae
414 2061 668 2115 studerem,
714 2060 1077 2104 iucundissimum
1119 2060 1238 2103 inter
1278 2074 1358 2101 nos
1392 2062 1490 2101 erat
1522 2057 1764 2115 quaerendi
1796 2071 1906 2099 com-

170 2131 391 2184 mercium,
432 2135 478 2174 et
507 2131 554 2174 in
586 2131 679 2174 dies
726 2130 869 2186 magis
916 2130 1043 2173 nobis
1075 2129 1479 2186 persuadebamus,
1524 2127 1735 2170 Plautum
1765 2126 1905 2169 multo

172 2200 305 2258 plura
336 2200 548 2257 exemplis
592 2199 685 2243 suis
717 2199 877 2243 debere
922 2214 1052 2257 quam
1081 2198 1282 2256 plerique
1315 2197 1619 2250 crediderant,
1664 2195 1824 2239 eximia
1856 2210 1907 2238 ac

172 2284 277 2312 vere
307 2268 474 2312 Latina
505 2268 721 2313 sermonis
765 2271 811 2311 et
842 2268 1123 2324 argutiarum
1159 2271 1257 2310 arte
1290 2265 1487 2322 decepti,
1528 2265 1904 2321 hortabamurque

175 2338 443 2395 discipulos,
487 2341 540 2380 ut
585 2337 857 2381 Graecorum
896 2337 1177 2394 potissimum
1208 2336 1349 2380 vitam
1379 2350 1523 2378 mores
1555 2329 1812 2390 relligiones
1843 2333 1907 2377 fa-

176 2407 307 2451 bulas
330 2407 643 2451 Plautinarum
668 2407 990 2451 comoediarum
1022 2422 1102 2464 ope
1122 2406 1421 2458 illustrarent,
1456 2419 1640 2462 quorum
1663 2403 1909 2447 studiorum

173 2476 480 2532 Kiesslingius
510 2477 556 2519 in
595 2477 832 2520 Bacchisin
863 2480 909 2519 et
944 2476 1225 2520 Mostellaria
1263 2475 1493 2519 luculenta
1530 2473 1654 2517 dedit
1694 2473 1905 2529 exempla,

174 2546 265 2591 alia
297 2546 343 2589 in
385 2546 780 2590 dissertationibus
827 2546 1054 2589 nonnullis
1085 2561 1112 2589 a
1152 2545 1515 2603 philosophorum
1558 2542 1908 2600 Gryphiensium

176 2615 329 2659 ordine
358 2615 561 2672 probatis
585 2616 642 2659 ad
671 2615 1027 2672 persuadendum
1059 2618 1164 2672 apte
1194 2615 1426 2672 disputata
1458 2615 1574 2667 sunt,
1609 2612 1795 2669 denique
1826 2626 1908 2667 ego

176 2685 402 2729 occasione
434 2684 542 2728 data
571 2684 783 2728 Pseudoli
815 2674 1094 2728 Curculionis
1124 2684 1466 2741 Amphitruonis
1499 2682 1771 2725 Graecarum
1801 2684 1909 2724 tem-

177 2769 288 2812 pora
317 2753 518 2798 breviter
549 2754 745 2798 definivi.
805 2753 1017 2797 Plautum
1049 2753 1250 2811 exempla
1281 2768 1361 2796 sua
1391 2767 1479 2795 non
1511 2766 1533 2794 e
1566 2750 1742 2793 scriniis
1773 2749 1907 2793 libra-

173 2823 341 2868 riorum
371 2823 560 2880 petisse,
605 2823 722 2881 quod
752 2822 925 2866 Ennius
968 2823 1171 2880 tragicus
1213 2826 1259 2866 et
1291 2821 1530 2865 Terentius
1561 2820 1785 2873 fecerunt,
1831 2818 1910 2861 sed

178 2908 230 2938 ea
259 2892 454 2937 vertisse
495 2907 607 2949 quae
651 2892 698 2935 in
739 2907 899 2936 scaena
942 2891 1116 2936 Graeca
1157 2907 1254 2936 cum
1283 2890 1472 2935 maxime
1503 2890 1754 2942 ferrentur,
1800 2886 1909 2930 mihi

172 2976 436 3020 persuasum
466 2965 555 3016 est,
588 2976 729 3019 neque
761 2962 896 3005 aliter
926 2962 1088 3006 fecisse
1117 2962 1299 3007 videtur
1329 2960 1543 3005 Naevius.
1602 2959 1754 3016 itaque
1785 2956 1908 3012 igno-

173 3032 279 3076 bilis
311 3030 568 3089 ceteroquin
596 3034 756 3088 poetae
777 3030 1031 3089 Damophili
1059 3047 1157 3076 esse
1186 3032 1446 3078 Asinariam
1473 3028 1650 3073 minime
1679 3026 1905 3079 miramur,

174 3105 221 3147 et
250 3101 466 3159 Captivos
495 3100 690 3146 fortasse
727 3115 782 3144 ne
811 3100 1009 3146 Athenis
1051 3102 1226 3160 quidem
1263 3116 1403 3161 neque
1434 3099 1620 3143 florente
1652 3099 1801 3141 aetate
1831 3110 1907 3140 na-
