<?xml version="1.0" encoding="UTF-8"?>
<!DOCTYPE html PUBLIC "-//W3C//DTD XHTML 1.0 Transitional//EN"
    "http://www.w3.org/TR/xhtml1/DTD/xhtml1-transitional.dtd">
<html xmlns="http://www.w3.org/1999/xhtml" xml:lang="en" lang="en">
 <head>
  <title>
</title>
<meta http-equiv="Content-Type" content="text/html;charset=utf-8" />
  <meta name='ocr-system' content='tesseract 3.04.00' />
  <meta name='ocr-capabilities' content='ocr_page ocr_carea ocr_par ocr_line ocrx_word'/>
</head>
<body>
  <div class='ocr_page' id='page_1' title='image "./detribuscarminib00wilauoft_0020.png"; bbox 0 0 2139 3348; ppageno 0'>
   <div class='ocr_carea' id='block_1_1' title="bbox 974 147 1258 188">
    <p class='ocr_par' dir='ltr' id='par_1_1' title="bbox 974 147 1258 188">
     <span class='ocr_line' id='line_1_1' title="bbox 974 147 1258 188; baseline 0.004 -12"><span class='ocrx_word' id='word_1_1' title='bbox 974 147 1258 188; x_wconf 46' lang='lat'>*16—</span> 
     </span>
    </p>
   </div>
   <div class='ocr_carea' id='block_1_2' title="bbox 259 261 1996 1853">
    <p class='ocr_par' dir='ltr' id='par_1_2' title="bbox 260 261 1996 1296">
     <span class='ocr_line' id='line_1_2' title="bbox 261 261 1990 323; baseline -0.002 -14"><span class='ocrx_word' id='word_1_2' title='bbox 261 269 437 323; x_wconf 84' lang='lat' dir='ltr'>poterat</span> <span class='ocrx_word' id='word_1_3' title='bbox 467 266 662 306; x_wconf 73' lang='lat' dir='ltr'>sortasse</span> <span class='ocrx_word' id='word_1_4' title='bbox 702 261 891 304; x_wconf 89' lang='lat' dir='ltr'>comicus</span> <span class='ocrx_word' id='word_1_5' title='bbox 922 264 1057 317; x_wconf 88' lang='lat' dir='ltr'>poeta</span> <span class='ocrx_word' id='word_1_6' title='bbox 1101 264 1222 303; x_wconf 88' lang='lat' dir='ltr'>certo</span> <span class='ocrx_word' id='word_1_7' title='bbox 1255 261 1439 304; x_wconf 90' lang='lat' dir='ltr'>consilio</span> <span class='ocrx_word' id='word_1_8' title='bbox 1479 263 1775 319; x_wconf 87' lang='lat' dir='ltr'>praeteritum</span> <span class='ocrx_word' id='word_1_9' title='bbox 1814 267 1990 320; x_wconf 90' lang='lat' dir='ltr'>tempus</span> 
     </span>
     <span class='ocr_line' id='line_1_3' title="bbox 261 329 1992 390; baseline -0.001 -13"><span class='ocrx_word' id='word_1_10' title='bbox 261 338 449 390; x_wconf 84' lang='lat' dir='ltr'>fingere:</span> <span class='ocrx_word' id='word_1_11' title='bbox 498 332 575 375; x_wconf 88' lang='lat' dir='ltr'>sed</span> <span class='ocrx_word' id='word_1_12' title='bbox 618 331 783 374; x_wconf 78' lang='lat' dir='ltr'>Persae</span> <span class='ocrx_word' id='word_1_13' title='bbox 823 331 956 373; x_wconf 85' lang='lat' dir='ltr'>rebus</span> <span class='ocrx_word' id='word_1_14' title='bbox 987 329 1161 372; x_wconf 81' lang='lat' dir='ltr'>Seleuci</span> <span class='ocrx_word' id='word_1_15' title='bbox 1192 330 1461 373; x_wconf 88' lang='lat' dir='ltr'>Antiochive</span> <span class='ocrx_word' id='word_1_16' title='bbox 1492 346 1675 387; x_wconf 86' lang='lat' dir='ltr'>regnum</span> <span class='ocrx_word' id='word_1_17' title='bbox 1716 348 1802 375; x_wconf 85' lang='lat' dir='ltr'>nou</span> <span class='ocrx_word' id='word_1_18' title='bbox 1848 333 1992 375; x_wconf 88' lang='lat' dir='ltr'>minus</span> 
     </span>
     <span class='ocr_line' id='line_1_4' title="bbox 264 399 1993 458; baseline -0.001 -11"><span class='ocrx_word' id='word_1_19' title='bbox 264 407 370 447; x_wconf 86' lang='lat' dir='ltr'>bene</span> <span class='ocrx_word' id='word_1_20' title='bbox 417 401 696 454; x_wconf 76' lang='lat' dir='ltr'>conveniret,</span> <span class='ocrx_word' id='word_1_21' title='bbox 730 401 927 456; x_wconf 81' lang='lat' dir='ltr'><strong>nihilque</strong></span> <span class='ocrx_word' id='word_1_22' title='bbox 971 402 1070 441; x_wconf 87' lang='lat' dir='ltr'>erat</span> <span class='ocrx_word' id='word_1_23' title='bbox 1112 413 1190 441; x_wconf 92' lang='lat' dir='ltr'>cur</span> <span class='ocrx_word' id='word_1_24' title='bbox 1224 402 1358 455; x_wconf 87' lang='lat' dir='ltr'>poeta</span> <span class='ocrx_word' id='word_1_25' title='bbox 1390 399 1595 442; x_wconf 84' lang='lat' dir='ltr'><strong>Toxilum</strong></span> <span class='ocrx_word' id='word_1_26' title='bbox 1626 400 1993 458; x_wconf 85' lang='lat' dir='ltr'>Saturionemque</span> 
     </span>
     <span class='ocr_line' id='line_1_5' title="bbox 260 468 1992 530; baseline -0.001 -14"><span class='ocrx_word' id='word_1_27' title='bbox 260 473 404 530; x_wconf 87' lang='lat' dir='ltr'>patris</span> <span class='ocrx_word' id='word_1_28' title='bbox 437 476 516 515; x_wconf 88' lang='lat' dir='ltr'>aut</span> <span class='ocrx_word' id='word_1_29' title='bbox 547 471 620 514; x_wconf 85' lang='lat' dir='ltr'>avi</span> <span class='ocrx_word' id='word_1_30' title='bbox 652 470 720 513; x_wconf 87' lang='lat' dir='ltr'>sui</span> <span class='ocrx_word' id='word_1_31' title='bbox 751 468 960 526; x_wconf 77' lang='lat' dir='ltr'>aequales</span> <span class='ocrx_word' id='word_1_32' title='bbox 992 469 1175 511; x_wconf 83' lang='lat' dir='ltr'>faceret.</span> <span class='ocrx_word' id='word_1_33' title='bbox 1234 468 1339 525; x_wconf 89' lang='lat' dir='ltr'>quid</span> <span class='ocrx_word' id='word_1_34' title='bbox 1372 468 1489 525; x_wconf 87' lang='lat' dir='ltr'>quod</span> <span class='ocrx_word' id='word_1_35' title='bbox 1520 468 1695 512; x_wconf 82' lang='lat' dir='ltr'>Seleuci</span> <span class='ocrx_word' id='word_1_36' title='bbox 1725 470 1992 515; x_wconf 90' lang='lat' dir='ltr'>Antiochive</span> 
     </span>
     <span class='ocr_line' id='line_1_6' title="bbox 261 537 1994 597; baseline -0.002 -11"><span class='ocrx_word' id='word_1_37' title='bbox 261 546 411 586; x_wconf 83' lang='lat' dir='ltr'>aetate</span> <span class='ocrx_word' id='word_1_38' title='bbox 458 557 480 584; x_wconf 91' lang='lat' dir='ltr'>c</span> <span class='ocrx_word' id='word_1_39' title='bbox 526 541 678 583; x_wconf 89' lang='lat' dir='ltr'>Persis</span> <span class='ocrx_word' id='word_1_40' title='bbox 719 539 939 595; x_wconf 74' lang='lat' dir='ltr'>hospitem</span> <span class='ocrx_word' id='word_1_41' title='bbox 979 537 1098 580; x_wconf 90' lang='lat' dir='ltr'>haud</span> <span class='ocrx_word' id='word_1_42' title='bbox 1139 537 1270 581; x_wconf 87' lang='lat' dir='ltr'>facile</span> <span class='ocrx_word' id='word_1_43' title='bbox 1314 538 1588 592; x_wconf 87' lang='lat' dir='ltr'>induxisset,</span> <span class='ocrx_word' id='word_1_44' title='bbox 1637 539 1712 596; x_wconf 91' lang='lat' dir='ltr'>qui</span> <span class='ocrx_word' id='word_1_45' title='bbox 1758 544 1994 597; x_wconf 76' lang='lat' dir='ltr'>postquam</span> 
     </span>
     <span class='ocr_line' id='line_1_7' title="bbox 260 607 1993 668; baseline -0.002 -12"><span class='ocrx_word' id='word_1_46' title='bbox 260 627 398 668; x_wconf 89' lang='lat' dir='ltr'>regno</span> <span class='ocrx_word' id='word_1_47' title='bbox 431 611 689 654; x_wconf 87' lang='lat' dir='ltr'>exciderant</span> <span class='ocrx_word' id='word_1_48' title='bbox 729 609 849 651; x_wconf 88' lang='lat' dir='ltr'>inter</span> <span class='ocrx_word' id='word_1_49' title='bbox 893 607 1113 663; x_wconf 80' lang='lat' dir='ltr'>ignobiles</span> <span class='ocrx_word' id='word_1_50' title='bbox 1155 611 1200 650; x_wconf 91' lang='lat' dir='ltr'>et</span> <span class='ocrx_word' id='word_1_51' title='bbox 1230 611 1415 664; x_wconf 88' lang='lat' dir='ltr'>propter</span> <span class='ocrx_word' id='word_1_52' title='bbox 1445 608 1589 664; x_wconf 85' lang='lat' dir='ltr'>ipsam</span> <span class='ocrx_word' id='word_1_53' title='bbox 1619 608 1993 666; x_wconf 73' lang='lat' dir='ltr'>longinquitatem</span> 
     </span>
     <span class='ocr_line' id='line_1_8' title="bbox 262 677 1994 738; baseline -0.002 -13"><span class='ocrx_word' id='word_1_54' title='bbox 262 682 447 725; x_wconf 83' lang='lat' dir='ltr'>Graecis</span> <span class='ocrx_word' id='word_1_55' title='bbox 478 695 635 738; x_wconf 84' lang='lat' dir='ltr'>parum</span> <span class='ocrx_word' id='word_1_56' title='bbox 667 682 796 721; x_wconf 90' lang='lat' dir='ltr'>notos</span> <span class='ocrx_word' id='word_1_57' title='bbox 827 677 1015 734; x_wconf 89' lang='lat' dir='ltr'>populos</span> <span class='ocrx_word' id='word_1_58' title='bbox 1048 677 1252 731; x_wconf 88' lang='lat' dir='ltr'>fuerunt,</span> <span class='ocrx_word' id='word_1_59' title='bbox 1299 677 1434 720; x_wconf 88' lang='lat' dir='ltr'>donee</span> <span class='ocrx_word' id='word_1_60' title='bbox 1464 677 1784 721; x_wconf 82' lang='lat' dir='ltr'>Arsacidarum</span> <span class='ocrx_word' id='word_1_61' title='bbox 1815 678 1994 722; x_wconf 89' lang='lat' dir='ltr'>virtuti-</span> 
     </span>
     <span class='ocr_line' id='line_1_9' title="bbox 262 746 1996 805; baseline -0.002 -11"><span class='ocrx_word' id='word_1_62' title='bbox 262 754 343 795; x_wconf 88' lang='lat' dir='ltr'>bus</span> <span class='ocrx_word' id='word_1_63' title='bbox 387 754 517 794; x_wconf 75' lang='lat' dir='ltr'>vetus</span> <span class='ocrx_word' id='word_1_64' title='bbox 559 749 705 805; x_wconf 89' lang='lat' dir='ltr'>gloria</span> <span class='ocrx_word' id='word_1_65' title='bbox 755 749 1080 791; x_wconf 80' lang='lat' dir='ltr'>renasceretur.</span> <span class='ocrx_word' id='word_1_66' title='bbox 1155 746 1278 789; x_wconf 88' lang='lat' dir='ltr'>nullo</span> <span class='ocrx_word' id='word_1_67' title='bbox 1319 750 1467 791; x_wconf 91' lang='lat' dir='ltr'>autem</span> <span class='ocrx_word' id='word_1_68' title='bbox 1507 751 1704 804; x_wconf 86' lang='lat' dir='ltr'>tempore</span> <span class='ocrx_word' id='word_1_69' title='bbox 1750 761 1800 790; x_wconf 79' lang='lat' dir='ltr'>ex</span> <span class='ocrx_word' id='word_1_70' title='bbox 1845 748 1996 791; x_wconf 81' lang='lat' dir='ltr'>Persia</span> 
     </span>
     <span class='ocr_line' id='line_1_10' title="bbox 263 815 1994 876; baseline -0.002 -12"><span class='ocrx_word' id='word_1_71' title='bbox 263 821 415 864; x_wconf 76' lang='lat' dir='ltr'>venire</span> <span class='ocrx_word' id='word_1_72' title='bbox 446 822 626 876; x_wconf 87' lang='lat' dir='ltr'>poterat</span> <span class='ocrx_word' id='word_1_73' title='bbox 659 817 745 860; x_wconf 92' lang='lat' dir='ltr'>dici</span> <span class='ocrx_word' id='word_1_74' title='bbox 788 817 908 873; x_wconf 80' lang='lat'>(495)</span> <span class='ocrx_word' id='word_1_75' title='bbox 942 816 1017 873; x_wconf 88' lang='lat' dir='ltr'>qui</span> <span class='ocrx_word' id='word_1_76' title='bbox 1053 816 1229 860; x_wconf 84' lang='lat' dir='ltr'>veniret</span> <span class='ocrx_word' id='word_1_77' title='bbox 1259 831 1313 859; x_wconf 93' lang='lat' dir='ltr'>ex</span> <span class='ocrx_word' id='word_1_78' title='bbox 1342 815 1539 871; x_wconf 90' lang='lat' dir='ltr'>Arabia,</span> <span class='ocrx_word' id='word_1_79' title='bbox 1586 817 1674 860; x_wconf 90' lang='lat' dir='ltr'>nisi</span> <span class='ocrx_word' id='word_1_80' title='bbox 1719 831 1815 860; x_wconf 90' lang='lat' dir='ltr'>cum</span> <span class='ocrx_word' id='word_1_81' title='bbox 1853 820 1994 860; x_wconf 86' lang='lat' dir='ltr'>totam</span> 
     </span>
     <span class='ocr_line' id='line_1_11' title="bbox 262 885 1995 943; baseline -0.002 -11"><span class='ocrx_word' id='word_1_82' title='bbox 262 891 417 933; x_wconf 80' lang='lat' dir='ltr'>Asiam</span> <span class='ocrx_word' id='word_1_83' title='bbox 450 889 615 931; x_wconf 80' lang='lat' dir='ltr'>Persae</span> <span class='ocrx_word' id='word_1_84' title='bbox 648 887 915 930; x_wconf 82' lang='lat' dir='ltr'>obtinerent.</span> <span class='ocrx_word' id='word_1_85' title='bbox 976 889 1025 929; x_wconf 87' lang='lat' dir='ltr'>at</span> <span class='ocrx_word' id='word_1_86' title='bbox 1056 885 1192 940; x_wconf 88' lang='lat' dir='ltr'>Ochi,</span> <span class='ocrx_word' id='word_1_87' title='bbox 1225 886 1346 942; x_wconf 88' lang='lat' dir='ltr'>regis</span> <span class='ocrx_word' id='word_1_88' title='bbox 1377 885 1640 941; x_wconf 75' lang='lat' dir='ltr'>fortissimi,</span> <span class='ocrx_word' id='word_1_89' title='bbox 1690 886 1765 943; x_wconf 90' lang='lat' dir='ltr'>qui</span> <span class='ocrx_word' id='word_1_90' title='bbox 1795 890 1995 929; x_wconf 88' lang='lat' dir='ltr'>mortuus</span> 
     </span>
     <span class='ocr_line' id='line_1_12' title="bbox 264 956 1996 1014; baseline -0.002 -12"><span class='ocrx_word' id='word_1_91' title='bbox 264 964 333 1003; x_wconf 87' lang='lat' dir='ltr'>est</span> <span class='ocrx_word' id='word_1_92' title='bbox 365 959 460 1011; x_wconf 75' lang='lat'>338,</span> <span class='ocrx_word' id='word_1_93' title='bbox 494 957 769 1014; x_wconf 83' lang='lat' dir='ltr'>temporibus</span> <span class='ocrx_word' id='word_1_94' title='bbox 802 956 947 999; x_wconf 89' lang='lat' dir='ltr'>omnia</span> <span class='ocrx_word' id='word_1_95' title='bbox 978 956 1246 999; x_wconf 86' lang='lat' dir='ltr'>conveniunt</span> <span class='ocrx_word' id='word_1_96' title='bbox 1277 956 1447 1010; x_wconf 85' lang='lat' dir='ltr'>eximie,</span> <span class='ocrx_word' id='word_1_97' title='bbox 1492 956 1825 1014; x_wconf 86' lang='lat' dir='ltr'>permultosque</span> <span class='ocrx_word' id='word_1_98' title='bbox 1856 956 1996 999; x_wconf 90' lang='lat' dir='ltr'>Athe-</span> 
     </span>
     <span class='ocr_line' id='line_1_13' title="bbox 261 1025 1996 1083; baseline -0.002 -11"><span class='ocrx_word' id='word_1_99' title='bbox 261 1030 437 1072; x_wconf 88' lang='lat' dir='ltr'>nienses</span> <span class='ocrx_word' id='word_1_100' title='bbox 484 1028 619 1070; x_wconf 86' lang='lat' dir='ltr'>etiam</span> <span class='ocrx_word' id='word_1_101' title='bbox 665 1027 745 1069; x_wconf 89' lang='lat' dir='ltr'>sub</span> <span class='ocrx_word' id='word_1_102' title='bbox 778 1025 1059 1068; x_wconf 89' lang='lat' dir='ltr'>Codomanno</span> <span class='ocrx_word' id='word_1_103' title='bbox 1107 1025 1333 1082; x_wconf 87' lang='lat' dir='ltr'>stipendia</span> <span class='ocrx_word' id='word_1_104' title='bbox 1371 1026 1531 1070; x_wconf 82' lang='lat' dir='ltr'>fecisse</span> <span class='ocrx_word' id='word_1_105' title='bbox 1577 1029 1767 1070; x_wconf 90' lang='lat' dir='ltr'>constat.</span> <span class='ocrx_word' id='word_1_106' title='bbox 1844 1025 1996 1083; x_wconf 89' lang='lat' dir='ltr'>itaque</span> 
     </span>
     <span class='ocr_line' id='line_1_14' title="bbox 261 1095 1995 1150; baseline -0.002 -8"><span class='ocrx_word' id='word_1_107' title='bbox 261 1100 390 1142; x_wconf 89' lang='lat' dir='ltr'>huius</span> <span class='ocrx_word' id='word_1_108' title='bbox 435 1097 600 1141; x_wconf 86' lang='lat' dir='ltr'>aetatis</span> <span class='ocrx_word' id='word_1_109' title='bbox 632 1096 816 1140; x_wconf 84' lang='lat' dir='ltr'>Persam</span> <span class='ocrx_word' id='word_1_110' title='bbox 861 1111 959 1139; x_wconf 89' lang='lat' dir='ltr'>esse</span> <span class='ocrx_word' id='word_1_111' title='bbox 991 1096 1230 1149; x_wconf 89' lang='lat' dir='ltr'>contendo,</span> <span class='ocrx_word' id='word_1_112' title='bbox 1280 1095 1474 1150; x_wconf 88' lang='lat' dir='ltr'>doctam,</span> <span class='ocrx_word' id='word_1_113' title='bbox 1509 1096 1611 1139; x_wconf 87' lang='lat' dir='ltr'>dum</span> <span class='ocrx_word' id='word_1_114' title='bbox 1642 1095 1918 1139; x_wconf 91' lang='lat' dir='ltr'>Aristoteles</span> <span class='ocrx_word' id='word_1_115' title='bbox 1948 1095 1995 1138; x_wconf 91' lang='lat' dir='ltr'>in</span> 
     </span>
     <span class='ocr_line' id='line_1_15' title="bbox 263 1164 1995 1226; baseline -0.002 -14"><span class='ocrx_word' id='word_1_116' title='bbox 263 1169 411 1226; x_wconf 75' lang='lat' dir='ltr'>Lyceo</span> <span class='ocrx_word' id='word_1_117' title='bbox 444 1167 673 1224; x_wconf 85' lang='lat' dir='ltr'>antiquam</span> <span class='ocrx_word' id='word_1_118' title='bbox 717 1168 763 1208; x_wconf 94' lang='lat' dir='ltr'>et</span> <span class='ocrx_word' id='word_1_119' title='bbox 792 1164 1172 1222; x_wconf 89' lang='lat' dir='ltr'>Aristophaneam</span> <span class='ocrx_word' id='word_1_120' title='bbox 1211 1179 1309 1208; x_wconf 89' lang='lat' dir='ltr'>cum</span> <span class='ocrx_word' id='word_1_121' title='bbox 1338 1180 1455 1209; x_wconf 86' lang='lat' dir='ltr'>nova</span> <span class='ocrx_word' id='word_1_122' title='bbox 1487 1169 1533 1208; x_wconf 89' lang='lat' dir='ltr'>et</span> <span class='ocrx_word' id='word_1_123' title='bbox 1563 1165 1741 1223; x_wconf 88' lang='lat' dir='ltr'>aequali</span> <span class='ocrx_word' id='word_1_124' title='bbox 1771 1164 1995 1209; x_wconf 85' lang='lat' dir='ltr'>comoedia</span> 
     </span>
     <span class='ocr_line' id='line_1_16' title="bbox 265 1242 506 1296; baseline -0.008 -14"><span class='ocrx_word' id='word_1_125' title='bbox 265 1242 506 1296; x_wconf 86' lang='lat' dir='ltr'>comparat.</span> 
     </span>
    </p>

    <p class='ocr_par' dir='ltr' id='par_1_3' title="bbox 259 1303 1996 1853">
     <span class='ocr_line' id='line_1_17' title="bbox 375 1303 1995 1363; baseline -0.002 -13"><span class='ocrx_word' id='word_1_126' title='bbox 375 1306 668 1351; x_wconf 88' lang='lat' dir='ltr'>Perlustrabo</span> <span class='ocrx_word' id='word_1_127' title='bbox 698 1305 887 1363; x_wconf 87' lang='lat' dir='ltr'>primum</span> <span class='ocrx_word' id='word_1_128' title='bbox 917 1319 1081 1362; x_wconf 88' lang='lat' dir='ltr'>paucos</span> <span class='ocrx_word' id='word_1_129' title='bbox 1111 1319 1284 1359; x_wconf 88' lang='lat' dir='ltr'>versus,</span> <span class='ocrx_word' id='word_1_130' title='bbox 1318 1304 1364 1347; x_wconf 92' lang='lat' dir='ltr'>in</span> <span class='ocrx_word' id='word_1_131' title='bbox 1396 1304 1556 1362; x_wconf 90' lang='lat' dir='ltr'>quibus</span> <span class='ocrx_word' id='word_1_132' title='bbox 1589 1304 1754 1348; x_wconf 89' lang='lat' dir='ltr'>aetatis</span> <span class='ocrx_word' id='word_1_133' title='bbox 1784 1303 1995 1348; x_wconf 84' lang='lat' dir='ltr'>indicium</span> 
     </span>
     <span class='ocr_line' id='line_1_18' title="bbox 262 1373 1996 1434; baseline -0.002 -14"><span class='ocrx_word' id='word_1_134' title='bbox 262 1381 341 1421; x_wconf 81' lang='lat' dir='ltr'>aut</span> <span class='ocrx_word' id='word_1_135' title='bbox 386 1381 455 1421; x_wconf 89' lang='lat' dir='ltr'>est</span> <span class='ocrx_word' id='word_1_136' title='bbox 499 1380 578 1420; x_wconf 87' lang='lat' dir='ltr'>aut</span> <span class='ocrx_word' id='word_1_137' title='bbox 619 1375 773 1434; x_wconf 90' lang='lat' dir='ltr'>quaeri</span> <span class='ocrx_word' id='word_1_138' title='bbox 812 1377 977 1432; x_wconf 85' lang='lat' dir='ltr'>potest.</span> <span class='ocrx_word' id='word_1_139' title='bbox 1048 1390 1090 1418; x_wconf 91' lang='lat' dir='ltr'>v.</span> <span class='ocrx_word' id='word_1_140' title='bbox 1125 1374 1207 1417; x_wconf 82' lang='lat'>123</span> <span class='ocrx_word' id='word_1_141' title='bbox 1254 1373 1434 1431; x_wconf 84' lang='lat' dir='ltr'>cynicus</span> <span class='ocrx_word' id='word_1_142' title='bbox 1478 1378 1524 1417; x_wconf 92' lang='lat' dir='ltr'>et</span> <span class='ocrx_word' id='word_1_143' title='bbox 1555 1376 1919 1418; x_wconf 88' lang='lat' dir='ltr'>commemoratur</span> <span class='ocrx_word' id='word_1_144' title='bbox 1950 1376 1996 1416; x_wconf 90' lang='lat' dir='ltr'>et</span> 
     </span>
     <span class='ocr_line' id='line_1_19' title="bbox 259 1444 1994 1502; baseline -0.002 -12"><span class='ocrx_word' id='word_1_145' title='bbox 259 1447 528 1491; x_wconf 84' lang='lat' dir='ltr'>describitur</span> <span class='ocrx_word' id='word_1_146' title='bbox 559 1461 655 1490; x_wconf 89' lang='lat' dir='ltr'>cum</span> <span class='ocrx_word' id='word_1_147' title='bbox 697 1444 974 1502; x_wconf 88' lang='lat' dir='ltr'>supellectile</span> <span class='ocrx_word' id='word_1_148' title='bbox 1006 1459 1099 1487; x_wconf 89' lang='lat' dir='ltr'>sua.</span> <span class='ocrx_word' id='word_1_149' title='bbox 1170 1444 1400 1498; x_wconf 71' lang='lat' dir='ltr'>ampullam.</span> <span class='ocrx_word' id='word_1_150' title='bbox 1431 1444 1637 1499; x_wconf 66' lang='lat' dir='ltr'>sto-iqilem</span> <span class='ocrx_word' id='word_1_151' title='bbox 1666 1445 1882 1498; x_wconf 72' lang='lat' dir='ltr'>scaphium</span> <span class='ocrx_word' id='word_1_152' title='bbox 1911 1456 1994 1486; x_wconf 82' lang='lat' dir='ltr'>soc-</span> 
     </span>
     <span class='ocr_line' id='line_1_20' title="bbox 259 1513 1996 1571; baseline -0.003 -10"><span class='ocrx_word' id='word_1_153' title='bbox 259 1532 327 1561; x_wconf 82' lang='lat' dir='ltr'>cos</span> <span class='ocrx_word' id='word_1_154' title='bbox 350 1518 532 1571; x_wconf 73' lang='lat' dir='ltr'>pallium</span> <span class='ocrx_word' id='word_1_155' title='bbox 562 1516 853 1569; x_wconf 71' lang='lat' dir='ltr'>marsuppimn</span> <span class='ocrx_word' id='word_1_156' title='bbox 895 1515 1064 1568; x_wconf 74' lang='lat' dir='ltr'>habeat,</span> <span class='ocrx_word' id='word_1_157' title='bbox 1109 1515 1328 1569; x_wconf 82' lang='grc' dir='ltr'><em>ληκύθιον</em></span> <span class='ocrx_word' id='word_1_158' title='bbox 1360 1516 1593 1569; x_wconf 74' lang='grc' dir='ltr'><em>στλεγγίδα</em></span> <span class='ocrx_word' id='word_1_159' title='bbox 1623 1517 1836 1571; x_wconf 75' lang='grc' dir='ltr'><em>ποτήριον</em></span> <span class='ocrx_word' id='word_1_160' title='bbox 1866 1513 1996 1569; x_wconf 83' lang='grc' dir='ltr'><strong><em>ἐμβα-</em></strong></span> 
     </span>
     <span class='ocr_line' id='line_1_21' title="bbox 264 1583 1996 1643; baseline -0.002 -13"><span class='ocrx_word' id='word_1_161' title='bbox 264 1590 343 1638; x_wconf 79' lang='grc' dir='ltr'>δας</span> <span class='ocrx_word' id='word_1_162' title='bbox 373 1589 610 1643; x_wconf 75' lang='grc' dir='ltr'><em>τριβώνιον</em></span> <span class='ocrx_word' id='word_1_163' title='bbox 642 1588 799 1641; x_wconf 76' lang='grc' dir='ltr'><em>πήραν,</em></span> <span class='ocrx_word' id='word_1_164' title='bbox 840 1599 863 1627; x_wconf 91' lang='lat' dir='ltr'>e</span> <span class='ocrx_word' id='word_1_165' title='bbox 896 1584 1056 1641; x_wconf 89' lang='lat' dir='ltr'>quibus</span> <span class='ocrx_word' id='word_1_166' title='bbox 1087 1584 1313 1640; x_wconf 83' lang='lat' dir='ltr'>Diogenes</span> <span class='ocrx_word' id='word_1_167' title='bbox 1344 1585 1559 1628; x_wconf 88' lang='lat' dir='ltr'>nonnulla</span> <span class='ocrx_word' id='word_1_168' title='bbox 1588 1588 1748 1642; x_wconf 89' lang='lat' dir='ltr'>postea</span> <span class='ocrx_word' id='word_1_169' title='bbox 1779 1583 1996 1628; x_wconf 88' lang='lat' dir='ltr'>abiecisse</span> 
     </span>
     <span class='ocr_line' id='line_1_22' title="bbox 261 1653 1995 1711; baseline -0.002 -11"><span class='ocrx_word' id='word_1_170' title='bbox 261 1658 437 1700; x_wconf 92' lang='lat' dir='ltr'>dicitur.</span> <span class='ocrx_word' id='word_1_171' title='bbox 509 1656 557 1699; x_wconf 90' lang='lat' dir='ltr'>in</span> <span class='ocrx_word' id='word_1_172' title='bbox 597 1655 846 1699; x_wconf 87' lang='lat' dir='ltr'>comoediae</span> <span class='ocrx_word' id='word_1_173' title='bbox 891 1653 1091 1698; x_wconf 79' lang='lat' dir='ltr'>Graecae</span> <span class='ocrx_word' id='word_1_174' title='bbox 1127 1653 1351 1711; x_wconf 89' lang='lat' dir='ltr'>relliquiis</span> <span class='ocrx_word' id='word_1_175' title='bbox 1393 1654 1482 1697; x_wconf 90' lang='lat' dir='ltr'>nisi</span> <span class='ocrx_word' id='word_1_176' title='bbox 1513 1654 1650 1699; x_wconf 87' lang='lat' dir='ltr'>fallor</span> <span class='ocrx_word' id='word_1_177' title='bbox 1681 1658 1785 1698; x_wconf 89' lang='lat' dir='ltr'>ante</span> <span class='ocrx_word' id='word_1_178' title='bbox 1816 1653 1995 1698; x_wconf 87' lang='lat' dir='ltr'>Menan·</span> 
     </span>
     <span class='ocr_line' id='line_1_23' title="bbox 263 1723 1995 1783; baseline -0.001 -14"><span class='ocrx_word' id='word_1_179' title='bbox 263 1727 389 1770; x_wconf 90' lang='lat' dir='ltr'>drum</span> <span class='ocrx_word' id='word_1_180' title='bbox 419 1725 618 1769; x_wconf 88' lang='lat' dir='ltr'>Cratetis</span> <span class='ocrx_word' id='word_1_181' title='bbox 651 1723 881 1782; x_wconf 89' lang='lat' dir='ltr'>aequalem</span> <span class='ocrx_word' id='word_1_182' title='bbox 912 1739 998 1767; x_wconf 91' lang='lat' dir='ltr'>non</span> <span class='ocrx_word' id='word_1_183' title='bbox 1030 1728 1426 1768; x_wconf 90' lang='lat' dir='ltr'>commemorantur</span> <span class='ocrx_word' id='word_1_184' title='bbox 1458 1725 1616 1783; x_wconf 85' lang='lat' dir='ltr'>cynici,</span> <span class='ocrx_word' id='word_1_185' title='bbox 1651 1729 1696 1769; x_wconf 90' lang='lat' dir='ltr'>et</span> <span class='ocrx_word' id='word_1_186' title='bbox 1726 1724 1995 1782; x_wconf 87' lang='lat' dir='ltr'>Pythagori-</span> 
     </span>
     <span class='ocr_line' id='line_1_24' title="bbox 261 1794 1995 1853; baseline -0.002 -13"><span class='ocrx_word' id='word_1_187' title='bbox 261 1801 432 1841; x_wconf 89' lang='lat' dir='ltr'>starum</span> <span class='ocrx_word' id='word_1_188' title='bbox 475 1795 624 1853; x_wconf 89' lang='lat' dir='ltr'>potius</span> <span class='ocrx_word' id='word_1_189' title='bbox 667 1794 919 1851; x_wconf 90' lang='lat' dir='ltr'>squalorem</span> <span class='ocrx_word' id='word_1_190' title='bbox 949 1794 1194 1839; x_wconf 88' lang='lat' dir='ltr'>Diodorive</span> <span class='ocrx_word' id='word_1_191' title='bbox 1237 1794 1460 1852; x_wconf 86' lang='lat' dir='ltr'>Aspendii</span> <span class='ocrx_word' id='word_1_192' title='bbox 1481 1796 1512 1851; x_wconf 89' lang='lat'>¹)</span> <span class='ocrx_word' id='word_1_193' title='bbox 1542 1795 1728 1852; x_wconf 88' lang='lat' dir='ltr'>pallium</span> <span class='ocrx_word' id='word_1_194' title='bbox 1758 1794 1879 1838; x_wconf 87' lang='lat' dir='ltr'>ridet</span> <span class='ocrx_word' id='word_1_195' title='bbox 1908 1808 1995 1838; x_wconf 89' lang='lat' dir='ltr'>me-</span> 
     </span>
    </p>
   </div>
   <div class='ocr_carea' id='block_1_3' title="bbox 260 1995 1997 3174">
    <p class='ocr_par' dir='ltr' id='par_1_4' title="bbox 260 1995 1997 3174">
     <span class='ocr_line' id='line_1_25' title="bbox 360 1995 1996 2044; baseline -0.001 -11"><span class='ocrx_word' id='word_1_196' title='bbox 360 2000 393 2044; x_wconf 87' lang='lat'>1)</span> <span class='ocrx_word' id='word_1_197' title='bbox 420 1999 526 2033; x_wconf 89' lang='lat' dir='ltr'>Hunc</span> <span class='ocrx_word' id='word_1_198' title='bbox 552 1997 674 2033; x_wconf 89' lang='lat' dir='ltr'>medio</span> <span class='ocrx_word' id='word_1_199' title='bbox 700 1996 841 2032; x_wconf 84' lang='lat' dir='ltr'>saeculi</span> <span class='ocrx_word' id='word_1_200' title='bbox 867 1998 1003 2041; x_wconf 89' lang='lat' dir='ltr'>quarto</span> <span class='ocrx_word' id='word_1_201' title='bbox 1029 1995 1140 2032; x_wconf 91' lang='lat' dir='ltr'>fuisse</span> <span class='ocrx_word' id='word_1_202' title='bbox 1166 1997 1267 2032; x_wconf 89' lang='lat' dir='ltr'>recte</span> <span class='ocrx_word' id='word_1_203' title='bbox 1293 1995 1421 2031; x_wconf 84' lang='lat' dir='ltr'>docuit</span> <span class='ocrx_word' id='word_1_204' title='bbox 1440 1996 1619 2040; x_wconf 88' lang='lat' dir='ltr'>Ungerus,</span> <span class='ocrx_word' id='word_1_205' title='bbox 1646 1996 1851 2032; x_wconf 87' lang='lat' dir='ltr'>Stratonici</span> <span class='ocrx_word' id='word_1_206' title='bbox 1877 1996 1996 2032; x_wconf 84' lang='lat' dir='ltr'>citha-</span> 
     </span>
     <span class='ocr_line' id='line_1_26' title="bbox 260 2055 1997 2102; baseline -0.002 -8"><span class='ocrx_word' id='word_1_207' title='bbox 260 2058 364 2095; x_wconf 88' lang='lat' dir='ltr'>roedi</span> <span class='ocrx_word' id='word_1_208' title='bbox 390 2060 514 2094; x_wconf 86' lang='lat' dir='ltr'>aetate</span> <span class='ocrx_word' id='word_1_209' title='bbox 539 2057 741 2093; x_wconf 85' lang='lat' dir='ltr'>secundum</span> <span class='ocrx_word' id='word_1_210' title='bbox 775 2056 979 2102; x_wconf 84' lang='lat' dir='ltr'>locupletes</span> <span class='ocrx_word' id='word_1_211' title='bbox 1014 2057 1185 2091; x_wconf 85' lang='lat' dir='ltr'>auctores</span> <span class='ocrx_word' id='word_1_212' title='bbox 1208 2055 1500 2101; x_wconf 85' lang='lat' dir='ltr'>circumscripta.</span> <span class='ocrx_word' id='word_1_213' title='bbox 1551 2067 1779 2100; x_wconf 86' lang='lat' dir='ltr'>quamquam</span> <span class='ocrx_word' id='word_1_214' title='bbox 1806 2056 1844 2091; x_wconf 90' lang='lat' dir='ltr'>in</span> <span class='ocrx_word' id='word_1_215' title='bbox 1870 2055 1997 2102; x_wconf 84' lang='lat' dir='ltr'>singu-</span> 
     </span>
     <span class='ocr_line' id='line_1_27' title="bbox 260 2114 1996 2154; baseline -0.002 -1"><span class='ocrx_word' id='word_1_216' title='bbox 260 2119 307 2153; x_wconf 87' lang='lat' dir='ltr'>lis</span> <span class='ocrx_word' id='word_1_217' title='bbox 344 2118 571 2154; x_wconf 86' lang='lat' dir='ltr'>testimoniis</span> <span class='ocrx_word' id='word_1_218' title='bbox 610 2116 820 2152; x_wconf 87' lang='lat' dir='ltr'>iudicandis</span> <span class='ocrx_word' id='word_1_219' title='bbox 857 2116 986 2151; x_wconf 87' lang='lat' dir='ltr'>solitas</span> <span class='ocrx_word' id='word_1_220' title='bbox 1025 2116 1097 2150; x_wconf 89' lang='lat' dir='ltr'>sibi</span> <span class='ocrx_word' id='word_1_221' title='bbox 1135 2116 1265 2150; x_wconf 85' lang='lat' dir='ltr'>turbas</span> <span class='ocrx_word' id='word_1_222' title='bbox 1304 2115 1405 2150; x_wconf 88' lang='lat' dir='ltr'>fecit.</span> <span class='ocrx_word' id='word_1_223' title='bbox 1461 2116 1577 2151; x_wconf 83' lang='lat' dir='ltr'>testes</span> <span class='ocrx_word' id='word_1_224' title='bbox 1615 2115 1801 2151; x_wconf 83' lang='lat' dir='ltr'>dictorum</span> <span class='ocrx_word' id='word_1_225' title='bbox 1840 2117 1878 2151; x_wconf 88' lang='lat' dir='ltr'>et</span> <span class='ocrx_word' id='word_1_226' title='bbox 1903 2114 1996 2151; x_wconf 83' lang='lat' dir='ltr'>artis</span> 
     </span>
     <span class='ocr_line' id='line_1_28' title="bbox 261 2173 1996 2221; baseline -0.002 -8"><span class='ocrx_word' id='word_1_227' title='bbox 261 2178 463 2213; x_wconf 84' lang='lat' dir='ltr'>Stratonici</span> <span class='ocrx_word' id='word_1_228' title='bbox 502 2178 681 2213; x_wconf 87' lang='lat' dir='ltr'>habemus</span> <span class='ocrx_word' id='word_1_229' title='bbox 715 2176 905 2221; x_wconf 84' lang='lat' dir='ltr'>Ephorum</span> <span class='ocrx_word' id='word_1_230' title='bbox 950 2174 1154 2210; x_wconf 86' lang='lat' dir='ltr'>Phaeniam</span> <span class='ocrx_word' id='word_1_231' title='bbox 1198 2174 1494 2220; x_wconf 84' lang='lat' dir='ltr'>Theophrastum</span> <span class='ocrx_word' id='word_1_232' title='bbox 1533 2174 1774 2217; x_wconf 85' lang='lat' dir='ltr'>Clearchum,</span> <span class='ocrx_word' id='word_1_233' title='bbox 1813 2173 1996 2220; x_wconf 84' lang='lat' dir='ltr'>imprimis</span> 
     </span>
     <span class='ocr_line' id='line_1_29' title="bbox 261 2233 1992 2281; baseline -0.002 -9"><span class='ocrx_word' id='word_1_234' title='bbox 261 2237 527 2273; x_wconf 83' lang='lat' dir='ltr'>Callisthenem</span> <span class='ocrx_word' id='word_1_235' title='bbox 553 2236 611 2281; x_wconf 85' lang='lat' dir='ltr'>(cf.</span> <span class='ocrx_word' id='word_1_236' title='bbox 639 2247 734 2280; x_wconf 89' lang='lat' dir='ltr'>quae</span> <span class='ocrx_word' id='word_1_237' title='bbox 759 2235 894 2270; x_wconf 83' lang='lat' dir='ltr'>Kaibel</span> <span class='ocrx_word' id='word_1_238' title='bbox 921 2234 956 2269; x_wconf 94' lang='lat' dir='ltr'>II</span> <span class='ocrx_word' id='word_1_239' title='bbox 981 2246 1016 2279; x_wconf 91' lang='lat' dir='ltr'>p.</span> <span class='ocrx_word' id='word_1_240' title='bbox 1043 2234 1113 2269; x_wconf 85' lang='lat'>268</span> <span class='ocrx_word' id='word_1_241' title='bbox 1141 2234 1328 2269; x_wconf 83' lang='lat' dir='ltr'>Athenaei</span> <span class='ocrx_word' id='word_1_242' title='bbox 1360 2233 1417 2269; x_wconf 81' lang='lat' dir='ltr'>sui</span> <span class='ocrx_word' id='word_1_243' title='bbox 1443 2233 1611 2269; x_wconf 84' lang='lat' dir='ltr'>adnotat.</span> <span class='ocrx_word' id='word_1_244' title='bbox 1646 2246 1683 2279; x_wconf 90' lang='lat' dir='ltr'>p.</span> <span class='ocrx_word' id='word_1_245' title='bbox 1709 2234 1790 2276; x_wconf 84' lang='lat'>268,</span> <span class='ocrx_word' id='word_1_246' title='bbox 1815 2233 1992 2277; x_wconf 85' lang='lat'>26—271‚</span> 
     </span>
     <span class='ocr_line' id='line_1_30' title="bbox 261 2291 1996 2339; baseline -0.002 -8"><span class='ocrx_word' id='word_1_247' title='bbox 261 2297 306 2331; x_wconf 80' lang='lat'>28</span> <span class='ocrx_word' id='word_1_248' title='bbox 336 2295 574 2331; x_wconf 78' lang='lat' dir='ltr'>Callisthenis</span> <span class='ocrx_word' id='word_1_249' title='bbox 600 2296 714 2339; x_wconf 86' lang='lat' dir='ltr'>sunt).</span> <span class='ocrx_word' id='word_1_250' title='bbox 761 2295 827 2330; x_wconf 86' lang='lat' dir='ltr'>hos</span> <span class='ocrx_word' id='word_1_251' title='bbox 854 2294 884 2328; x_wconf 89' lang='lat' dir='ltr'>si</span> <span class='ocrx_word' id='word_1_252' title='bbox 926 2293 1140 2338; x_wconf 85' lang='lat' dir='ltr'>sequimur,</span> <span class='ocrx_word' id='word_1_253' title='bbox 1167 2294 1330 2329; x_wconf 89' lang='lat' dir='ltr'>aetatem</span> <span class='ocrx_word' id='word_1_254' title='bbox 1363 2293 1574 2329; x_wconf 84' lang='lat' dir='ltr'>invenimus</span> <span class='ocrx_word' id='word_1_255' title='bbox 1600 2304 1713 2338; x_wconf 89' lang='lat' dir='ltr'>quam</span> <span class='ocrx_word' id='word_1_256' title='bbox 1737 2294 1838 2329; x_wconf 87' lang='lat' dir='ltr'>recte</span> <span class='ocrx_word' id='word_1_257' title='bbox 1864 2291 1996 2328; x_wconf 88' lang='lat' dir='ltr'>definit</span> 
     </span>
     <span class='ocr_line' id='line_1_31' title="bbox 263 2351 1994 2401; baseline -0.002 -10"><span class='ocrx_word' id='word_1_258' title='bbox 263 2356 445 2401; x_wconf 73' lang='lat' dir='ltr'>Ungews,</span> <span class='ocrx_word' id='word_1_259' title='bbox 471 2355 568 2390; x_wconf 90' lang='lat' dir='ltr'>nihil</span> <span class='ocrx_word' id='word_1_260' title='bbox 594 2355 711 2400; x_wconf 83' lang='lat' dir='ltr'>igitur</span> <span class='ocrx_word' id='word_1_261' title='bbox 738 2365 910 2389; x_wconf 86' lang='lat' dir='ltr'>curamus</span> <span class='ocrx_word' id='word_1_262' title='bbox 935 2353 1177 2394; x_wconf 89' lang='lat' dir='ltr'>Machonem‚</span> <span class='ocrx_word' id='word_1_263' title='bbox 1211 2352 1257 2388; x_wconf 90' lang='lat' dir='ltr'>de</span> <span class='ocrx_word' id='word_1_264' title='bbox 1283 2352 1443 2388; x_wconf 85' lang='lat' dir='ltr'>veritate</span> <span class='ocrx_word' id='word_1_265' title='bbox 1477 2352 1661 2388; x_wconf 89' lang='lat' dir='ltr'>dictorum</span> <span class='ocrx_word' id='word_1_266' title='bbox 1695 2363 1792 2397; x_wconf 87' lang='lat' dir='ltr'>quae</span> <span class='ocrx_word' id='word_1_267' title='bbox 1826 2351 1994 2388; x_wconf 81' lang='lat' dir='ltr'>versibus</span> 
     </span>
     <span class='ocr_line' id='line_1_32' title="bbox 261 2410 1996 2458; baseline -0.002 -9"><span class='ocrx_word' id='word_1_268' title='bbox 261 2415 382 2450; x_wconf 85' lang='lat' dir='ltr'>reddit</span> <span class='ocrx_word' id='word_1_269' title='bbox 408 2415 542 2449; x_wconf 88' lang='lat' dir='ltr'>merito</span> <span class='ocrx_word' id='word_1_270' title='bbox 580 2425 760 2450; x_wconf 78' lang='lat' dir='ltr'>securum,</span> <span class='ocrx_word' id='word_1_271' title='bbox 810 2413 871 2448; x_wconf 87' lang='lat' dir='ltr'>hic</span> <span class='ocrx_word' id='word_1_272' title='bbox 898 2412 996 2448; x_wconf 89' lang='lat' dir='ltr'>enim</span> <span class='ocrx_word' id='word_1_273' title='bbox 1024 2412 1216 2448; x_wconf 88' lang='lat' dir='ltr'>Nicoclem</span> <span class='ocrx_word' id='word_1_274' title='bbox 1254 2413 1292 2447; x_wconf 89' lang='lat' dir='ltr'>et</span> <span class='ocrx_word' id='word_1_275' title='bbox 1317 2412 1623 2454; x_wconf 87' lang='lat' dir='ltr'>Nicocreontem,</span> <span class='ocrx_word' id='word_1_276' title='bbox 1660 2412 1808 2458; x_wconf 84' lang='lat' dir='ltr'>regulos</span> <span class='ocrx_word' id='word_1_277' title='bbox 1832 2410 1996 2457; x_wconf 87' lang='lat' dir='ltr'>Cyprios,</span> 
     </span>
     <span class='ocr_line' id='line_1_33' title="bbox 262 2470 1997 2519; baseline -0.003 -10"><span class='ocrx_word' id='word_1_278' title='bbox 262 2474 441 2510; x_wconf 87' lang='lat' dir='ltr'>confudit.</span> <span class='ocrx_word' id='word_1_279' title='bbox 492 2473 625 2519; x_wconf 87' lang='lat' dir='ltr'>Capito</span> <span class='ocrx_word' id='word_1_280' title='bbox 663 2474 788 2509; x_wconf 89' lang='lat' dir='ltr'>autem</span> <span class='ocrx_word' id='word_1_281' title='bbox 815 2472 881 2517; x_wconf 89' lang='lat' dir='ltr'>qui</span> <span class='ocrx_word' id='word_1_282' title='bbox 926 2484 1010 2507; x_wconf 88' lang='lat' dir='ltr'>cum</span> <span class='ocrx_word' id='word_1_283' title='bbox 1036 2472 1251 2507; x_wconf 83' lang='lat' dir='ltr'>Ptolemaeo</span> <span class='ocrx_word' id='word_1_284' title='bbox 1276 2483 1363 2517; x_wconf 87' lang='lat' dir='ltr'>rege</span> <span class='ocrx_word' id='word_1_285' title='bbox 1390 2471 1642 2507; x_wconf 88' lang='lat' dir='ltr'>Stratonicum</span> <span class='ocrx_word' id='word_1_286' title='bbox 1668 2471 1876 2516; x_wconf 86' lang='lat' dir='ltr'>disputasse</span> <span class='ocrx_word' id='word_1_287' title='bbox 1901 2470 1997 2512; x_wconf 85' lang='lat' dir='ltr'>vult,</span> 
     </span>
     <span class='ocr_line' id='line_1_34' title="bbox 260 2529 1997 2579; baseline -0.002 -10"><span class='ocrx_word' id='word_1_288' title='bbox 260 2545 385 2579; x_wconf 87' lang='lat' dir='ltr'>regem</span> <span class='ocrx_word' id='word_1_289' title='bbox 412 2533 665 2568; x_wconf 85' lang='lat' dir='ltr'>Ptolemaeum</span> <span class='ocrx_word' id='word_1_290' title='bbox 693 2533 837 2567; x_wconf 89' lang='lat' dir='ltr'>nullum</span> <span class='ocrx_word' id='word_1_291' title='bbox 875 2532 946 2567; x_wconf 90' lang='lat' dir='ltr'>nisi</span> <span class='ocrx_word' id='word_1_292' title='bbox 972 2531 1136 2577; x_wconf 84' lang='lat' dir='ltr'>Aegypti</span> <span class='ocrx_word' id='word_1_293' title='bbox 1173 2542 1298 2577; x_wconf 90' lang='lat' dir='ltr'>regem</span> <span class='ocrx_word' id='word_1_294' title='bbox 1324 2530 1436 2566; x_wconf 87' lang='lat' dir='ltr'>dicit:</span> <span class='ocrx_word' id='word_1_295' title='bbox 1473 2542 1522 2566; x_wconf 87' lang='lat' dir='ltr'>an</span> <span class='ocrx_word' id='word_1_296' title='bbox 1547 2532 1589 2566; x_wconf 77' lang='lat' dir='ltr'>tu</span> <span class='ocrx_word' id='word_1_297' title='bbox 1616 2530 1735 2566; x_wconf 88' lang='lat' dir='ltr'>credis</span> <span class='ocrx_word' id='word_1_298' title='bbox 1760 2529 1910 2566; x_wconf 83' lang='lat' dir='ltr'>Traiani</span> <span class='ocrx_word' id='word_1_299' title='bbox 1935 2540 1997 2565; x_wconf 83' lang='lat' dir='ltr'>ae·</span> 
     </span>
     <span class='ocr_line' id='line_1_35' title="bbox 262 2589 1994 2636; baseline -0.002 -9"><span class='ocrx_word' id='word_1_300' title='bbox 262 2595 340 2628; x_wconf 81' lang='lat' dir='ltr'>tate</span> <span class='ocrx_word' id='word_1_301' title='bbox 371 2604 597 2636; x_wconf 87' lang='lat' dir='ltr'>quemquam</span> <span class='ocrx_word' id='word_1_302' title='bbox 636 2592 680 2627; x_wconf 85' lang='lat' dir='ltr'>de</span> <span class='ocrx_word' id='word_1_303' title='bbox 717 2591 791 2627; x_wconf 88' lang='lat' dir='ltr'>alio</span> <span class='ocrx_word' id='word_1_304' title='bbox 827 2590 1037 2636; x_wconf 79' lang='lat' dir='ltr'>cogitasse?</span> <span class='ocrx_word' id='word_1_305' title='bbox 1086 2591 1127 2626; x_wconf 88' lang='lat' dir='ltr'>at</span> <span class='ocrx_word' id='word_1_306' title='bbox 1162 2590 1352 2636; x_wconf 87' lang='lat' dir='ltr'>Ungerus,</span> <span class='ocrx_word' id='word_1_307' title='bbox 1391 2590 1538 2636; x_wconf 86' lang='lat' dir='ltr'>perdite</span> <span class='ocrx_word' id='word_1_308' title='bbox 1576 2601 1703 2636; x_wconf 83' lang='lat' dir='ltr'>sagax,</span> <span class='ocrx_word' id='word_1_309' title='bbox 1740 2589 1994 2626; x_wconf 84' lang='lat' dir='ltr'>Ptolemaeum</span> 
     </span>
     <span class='ocr_line' id='line_1_36' title="bbox 262 2648 1996 2696; baseline -0.002 -9"><span class='ocrx_word' id='word_1_310' title='bbox 262 2652 426 2696; x_wconf 85' lang='lat' dir='ltr'>aliquem</span> <span class='ocrx_word' id='word_1_311' title='bbox 451 2652 632 2687; x_wconf 79' lang='lat' dir='ltr'>Alei-itam</span> <span class='ocrx_word' id='word_1_312' title='bbox 660 2650 865 2686; x_wconf 86' lang='lat' dir='ltr'>Stratonici</span> <span class='ocrx_word' id='word_1_313' title='bbox 892 2650 1122 2695; x_wconf 82' lang='lat' dir='ltr'>temporibus</span> <span class='ocrx_word' id='word_1_314' title='bbox 1149 2649 1390 2686; x_wconf 84' lang='lat' dir='ltr'>Macedoniae</span> <span class='ocrx_word' id='word_1_315' title='bbox 1416 2661 1573 2696; x_wconf 89' lang='lat' dir='ltr'>regnum</span> <span class='ocrx_word' id='word_1_316' title='bbox 1608 2649 1802 2686; x_wconf 82' lang='lat' dir='ltr'>affectasse</span> <span class='ocrx_word' id='word_1_317' title='bbox 1827 2648 1996 2685; x_wconf 85' lang='lat' dir='ltr'>reminis-</span> 
     </span>
     <span class='ocr_line' id='line_1_37' title="bbox 263 2707 1996 2757; baseline -0.003 -10"><span class='ocrx_word' id='word_1_318' title='bbox 263 2712 379 2747; x_wconf 81' lang='lat' dir='ltr'>citur:</span> <span class='ocrx_word' id='word_1_319' title='bbox 405 2712 505 2746; x_wconf 86' lang='lat' dir='ltr'>huno</span> <span class='ocrx_word' id='word_1_320' title='bbox 532 2711 647 2757; x_wconf 89' lang='lat' dir='ltr'>igitur</span> <span class='ocrx_word' id='word_1_321' title='bbox 673 2722 695 2746; x_wconf 87' lang='lat' dir='ltr'>a</span> <span class='ocrx_word' id='word_1_322' title='bbox 721 2710 902 2755; x_wconf 86' lang='lat' dir='ltr'>Capitone</span> <span class='ocrx_word' id='word_1_323' title='bbox 930 2709 1027 2745; x_wconf 84' lang='lat' dir='ltr'>dici!</span> <span class='ocrx_word' id='word_1_324' title='bbox 1089 2709 1211 2755; x_wconf 85' lang='lat' dir='ltr'>magis</span> <span class='ocrx_word' id='word_1_325' title='bbox 1237 2709 1392 2755; x_wconf 87' lang='lat' dir='ltr'>expedit</span> <span class='ocrx_word' id='word_1_326' title='bbox 1429 2709 1645 2752; x_wconf 85' lang='lat' dir='ltr'>ostendere,</span> <span class='ocrx_word' id='word_1_327' title='bbox 1679 2709 1745 2754; x_wconf 86' lang='lat' dir='ltr'>qui</span> <span class='ocrx_word' id='word_1_328' title='bbox 1770 2708 1835 2745; x_wconf 87' lang='lat' dir='ltr'>ille</span> <span class='ocrx_word' id='word_1_329' title='bbox 1862 2707 1996 2754; x_wconf 85' lang='lat' dir='ltr'>Capito</span> 
     </span>
     <span class='ocr_line' id='line_1_38' title="bbox 262 2767 1996 2816; baseline -0.002 -10"><span class='ocrx_word' id='word_1_330' title='bbox 262 2771 385 2814; x_wconf 86' lang='lat' dir='ltr'>fuerit,</span> <span class='ocrx_word' id='word_1_331' title='bbox 412 2783 521 2815; x_wconf 88' lang='lat' dir='ltr'>quem</span> <span class='ocrx_word' id='word_1_332' title='bbox 548 2772 698 2816; x_wconf 85' lang='lat' dir='ltr'>poetam</span> <span class='ocrx_word' id='word_1_333' title='bbox 723 2770 835 2806; x_wconf 88' lang='lat' dir='ltr'>fuisse</span> <span class='ocrx_word' id='word_1_334' title='bbox 862 2771 900 2805; x_wconf 89' lang='lat' dir='ltr'>et</span> <span class='ocrx_word' id='word_1_335' title='bbox 925 2769 971 2805; x_wconf 87' lang='lat' dir='ltr'>ad</span> <span class='ocrx_word' id='word_1_336' title='bbox 999 2769 1274 2815; x_wconf 88' lang='lat' dir='ltr'>Philopappum</span> <span class='ocrx_word' id='word_1_337' title='bbox 1300 2769 1444 2805; x_wconf 86' lang='lat' dir='ltr'>misisse</span> <span class='ocrx_word' id='word_1_338' title='bbox 1469 2768 1659 2805; x_wconf 85' lang='lat' dir='ltr'>miscellae</span> <span class='ocrx_word' id='word_1_339' title='bbox 1685 2767 1857 2805; x_wconf 85' lang='lat' dir='ltr'>lectionis</span> <span class='ocrx_word' id='word_1_340' title='bbox 1880 2767 1996 2804; x_wconf 85' lang='lat' dir='ltr'>libros</span> 
     </span>
     <span class='ocr_line' id='line_1_39' title="bbox 261 2828 1994 2876; baseline -0.001 -12"><span class='ocrx_word' id='word_1_341' title='bbox 261 2829 540 2876; x_wconf 80' lang='grc' dir='ltr'>(ὑπομνήματα)</span> <span class='ocrx_word' id='word_1_342' title='bbox 590 2831 804 2866; x_wconf 88' lang='lat' dir='ltr'>Athenaeus</span> <span class='ocrx_word' id='word_1_343' title='bbox 853 2829 992 2870; x_wconf 84' lang='lat' dir='ltr'>tradit,</span> <span class='ocrx_word' id='word_1_344' title='bbox 1052 2830 1290 2874; x_wconf 84' lang='lat' dir='ltr'>patriamque</span> <span class='ocrx_word' id='word_1_345' title='bbox 1339 2828 1483 2864; x_wconf 87' lang='lat' dir='ltr'>indicat</span> <span class='ocrx_word' id='word_1_346' title='bbox 1521 2829 1806 2865; x_wconf 85' lang='lat' dir='ltr'>Alexandream.</span> <span class='ocrx_word' id='word_1_347' title='bbox 1867 2829 1994 2863; x_wconf 84' lang='lat' dir='ltr'>tamen</span> 
     </span>
     <span class='ocr_line' id='line_1_40' title="bbox 263 2887 1995 2935; baseline -0.002 -10"><span class='ocrx_word' id='word_1_348' title='bbox 263 2890 419 2925; x_wconf 89' lang='lat' dir='ltr'>eundem</span> <span class='ocrx_word' id='word_1_349' title='bbox 459 2902 535 2925; x_wconf 85' lang='lat' dir='ltr'>esse</span> <span class='ocrx_word' id='word_1_350' title='bbox 573 2890 682 2926; x_wconf 85' lang='lat' dir='ltr'>credo</span> <span class='ocrx_word' id='word_1_351' title='bbox 710 2889 749 2932; x_wconf 84' lang='lat' dir='ltr'>Q.</span> <span class='ocrx_word' id='word_1_352' title='bbox 775 2889 994 2934; x_wconf 90' lang='lat' dir='ltr'>Pompeium</span> <span class='ocrx_word' id='word_1_353' title='bbox 1021 2888 1062 2931; x_wconf 87' lang='lat' dir='ltr'>Q.</span> <span class='ocrx_word' id='word_1_354' title='bbox 1088 2888 1112 2924; x_wconf 87' lang='lat' dir='ltr'>f.</span> <span class='ocrx_word' id='word_1_355' title='bbox 1140 2889 1230 2924; x_wconf 90' lang='lat' dir='ltr'>Coll.</span> <span class='ocrx_word' id='word_1_356' title='bbox 1268 2888 1487 2934; x_wconf 86' lang='lat' dir='ltr'>Capitonem</span> <span class='ocrx_word' id='word_1_357' title='bbox 1525 2888 1795 2935; x_wconf 82' lang='lat' dir='ltr'>Pergamenum</span> <span class='ocrx_word' id='word_1_358' title='bbox 1833 2887 1995 2933; x_wconf 86' lang='lat' dir='ltr'>poetam,</span> 
     </span>
     <span class='ocr_line' id='line_1_41' title="bbox 262 2945 1995 2994; baseline -0.002 -10"><span class='ocrx_word' id='word_1_359' title='bbox 262 2950 323 2984; x_wconf 89' lang='lat' dir='ltr'>cui</span> <span class='ocrx_word' id='word_1_360' title='bbox 361 2950 606 2985; x_wconf 86' lang='lat' dir='ltr'>Athenienses</span> <span class='ocrx_word' id='word_1_361' title='bbox 645 2950 809 2985; x_wconf 87' lang='lat' dir='ltr'>statuam</span> <span class='ocrx_word' id='word_1_362' title='bbox 851 2950 1058 2994; x_wconf 90' lang='lat' dir='ltr'>posuerunt</span> <span class='ocrx_word' id='word_1_363' title='bbox 1096 2948 1175 2983; x_wconf 90' lang='lat' dir='ltr'>CIA</span> <span class='ocrx_word' id='word_1_364' title='bbox 1210 2948 1273 2983; x_wconf 95' lang='lat' dir='ltr'>III.</span> <span class='ocrx_word' id='word_1_365' title='bbox 1302 2949 1392 2990; x_wconf 86' lang='lat'>769,</span> <span class='ocrx_word' id='word_1_366' title='bbox 1429 2948 1542 2984; x_wconf 86' lang='lat' dir='ltr'>derisi</span> <span class='ocrx_word' id='word_1_367' title='bbox 1586 2949 1785 2994; x_wconf 88' lang='lat' dir='ltr'>propterea</span> <span class='ocrx_word' id='word_1_368' title='bbox 1820 2958 1843 2983; x_wconf 83' lang='lat' dir='ltr'>a</span> <span class='ocrx_word' id='word_1_369' title='bbox 1876 2945 1995 2982; x_wconf 86' lang='lat' dir='ltr'>Dione</span> 
     </span>
     <span class='ocr_line' id='line_1_42' title="bbox 262 3005 1994 3054; baseline -0.001 -11"><span class='ocrx_word' id='word_1_370' title='bbox 262 3009 459 3045; x_wconf 85' lang='lat' dir='ltr'>Prusaensi</span> <span class='ocrx_word' id='word_1_371' title='bbox 494 3010 551 3051; x_wconf 86' lang='lat'>31,</span> <span class='ocrx_word' id='word_1_372' title='bbox 580 3009 658 3051; x_wconf 80' lang='lat'>116,</span> <span class='ocrx_word' id='word_1_373' title='bbox 700 3009 799 3053; x_wconf 87' lang='lat' dir='ltr'>quod</span> <span class='ocrx_word' id='word_1_374' title='bbox 834 3008 946 3053; x_wconf 89' lang='lat' dir='ltr'>plane</span> <span class='ocrx_word' id='word_1_375' title='bbox 973 3007 1126 3054; x_wconf 87' lang='lat' dir='ltr'>egregia</span> <span class='ocrx_word' id='word_1_376' title='bbox 1151 3006 1367 3043; x_wconf 86' lang='lat' dir='ltr'>coniectura</span> <span class='ocrx_word' id='word_1_377' title='bbox 1393 3009 1579 3044; x_wconf 82' lang='lat' dir='ltr'>assecutus</span> <span class='ocrx_word' id='word_1_378' title='bbox 1606 3010 1663 3044; x_wconf 87' lang='lat' dir='ltr'>est</span> <span class='ocrx_word' id='word_1_379' title='bbox 1684 3007 1743 3044; x_wconf 86' lang='lat' dir='ltr'>vir</span> <span class='ocrx_word' id='word_1_380' title='bbox 1767 3017 1855 3044; x_wconf 87' lang='lat' dir='ltr'>vere</span> <span class='ocrx_word' id='word_1_381' title='bbox 1880 3005 1994 3041; x_wconf 80' lang='lat' dir='ltr'>Grae·</span> 
     </span>
     <span class='ocr_line' id='line_1_43' title="bbox 264 3065 1994 3112; baseline -0.001 -10"><span class='ocrx_word' id='word_1_382' title='bbox 264 3078 328 3103; x_wconf 82' lang='lat' dir='ltr'>eae</span> <span class='ocrx_word' id='word_1_383' title='bbox 355 3071 393 3104; x_wconf 85' lang='lat' dir='ltr'>et</span> <span class='ocrx_word' id='word_1_384' title='bbox 418 3068 643 3104; x_wconf 86' lang='lat' dir='ltr'>eruditionis</span> <span class='ocrx_word' id='word_1_385' title='bbox 668 3069 706 3104; x_wconf 91' lang='lat' dir='ltr'>et</span> <span class='ocrx_word' id='word_1_386' title='bbox 730 3067 979 3103; x_wconf 87' lang='lat' dir='ltr'>humanitatis</span> <span class='ocrx_word' id='word_1_387' title='bbox 1005 3067 1217 3112; x_wconf 84' lang='lat' dir='ltr'>Stephanus</span> <span class='ocrx_word' id='word_1_388' title='bbox 1251 3066 1494 3103; x_wconf 87' lang='lat' dir='ltr'>Cumanudes.</span> <span class='ocrx_word' id='word_1_389' title='bbox 1544 3068 1641 3103; x_wconf 84' lang='lat' dir='ltr'>sicut</span> <span class='ocrx_word' id='word_1_390' title='bbox 1666 3067 1764 3103; x_wconf 90' lang='lat' dir='ltr'>enim</span> <span class='ocrx_word' id='word_1_391' title='bbox 1791 3065 1994 3101; x_wconf 87' lang='lat' dir='ltr'>Athenien-</span> 
     </span>
     <span class='ocr_line' id='line_1_44' title="bbox 262 3125 1995 3174; baseline -0.001 -12"><span class='ocrx_word' id='word_1_392' title='bbox 262 3139 317 3163; x_wconf 86' lang='lat' dir='ltr'>ses</span> <span class='ocrx_word' id='word_1_393' title='bbox 342 3130 379 3163; x_wconf 90' lang='lat' dir='ltr'>et</span> <span class='ocrx_word' id='word_1_394' title='bbox 405 3129 609 3165; x_wconf 85' lang='lat' dir='ltr'>Romanam</span> <span class='ocrx_word' id='word_1_395' title='bbox 636 3129 674 3164; x_wconf 87' lang='lat' dir='ltr'>et</span> <span class='ocrx_word' id='word_1_396' title='bbox 698 3127 966 3174; x_wconf 86' lang='lat' dir='ltr'>Pergamenam</span> <span class='ocrx_word' id='word_1_397' title='bbox 992 3127 1186 3163; x_wconf 88' lang='lat' dir='ltr'>civitatem</span> <span class='ocrx_word' id='word_1_398' title='bbox 1213 3125 1404 3172; x_wconf 83' lang='lat' dir='ltr'>Capitonis</span> <span class='ocrx_word' id='word_1_399' title='bbox 1426 3129 1654 3173; x_wconf 83' lang='lat' dir='ltr'>memorant,</span> <span class='ocrx_word' id='word_1_400' title='bbox 1690 3127 1745 3163; x_wconf 84' lang='lat' dir='ltr'>ita</span> <span class='ocrx_word' id='word_1_401' title='bbox 1769 3126 1995 3167; x_wconf 47' lang='lat' dir='ltr'>Athenaeum</span> 
     </span>
    </p>
   </div>
  </div>
 </body>
</html>
