2139 3348
365 728 792 787 AGADEMIAE
837 725 1208 781 GEORGIAE
1253 726 1650 782 AUGUSTAE

778 841 1242 885 PRORECTOR

297 936 1102 1023 FRIDERIOUS
1172 937 1714 1021 MERKEL

936 1068 1341 1113 SENATU.

259 1276 457 1333 Adolphi
478 1274 759 1330 Kiesslingii,
794 1273 869 1331 qui
899 1273 1006 1316 mihi
1038 1273 1142 1316 olim
1173 1272 1345 1328 collega
1375 1272 1476 1326 fuit,
1510 1272 1676 1316 amicus
1709 1287 1881 1329 semper

145 1346 233 1390 erit
264 1345 580 1398 suavissimus,
626 1344 788 1387 acerba
828 1346 969 1386 morte
999 1357 1260 1399 permoveor
1290 1346 1343 1384 ut
1372 1345 1597 1398 praestem
1630 1342 1747 1398 quod
1778 1341 1881 1385 vivo

145 1431 414 1472 negaveram
455 1413 698 1457 identidem
740 1412 982 1468 flagitanti.
1045 1428 1141 1455 cum
1173 1411 1288 1454 enim
1320 1416 1423 1454 ante
1454 1412 1533 1454 hos
1565 1411 1712 1454 decem
1744 1426 1881 1454 annos

145 1486 192 1528 in
223 1500 273 1529 eo
305 1488 426 1528 esset
455 1488 507 1527 ut
538 1482 898 1527 commentarium
928 1482 1054 1525 illum
1085 1481 1224 1538 prelis
1257 1481 1500 1535 subiceret,
1538 1496 1618 1538 per
1651 1497 1778 1538 quem
1809 1497 1881 1524 no-

148 1570 245 1605 men
290 1569 417 1597 suum
458 1569 553 1596 cum
583 1552 775 1595 Horatio
820 1551 865 1594 in
898 1551 1076 1595 saecula
1120 1551 1276 1593 futura
1320 1550 1570 1604 coniunxit,
1618 1551 1769 1606 legere
1814 1566 1882 1593 me

147 1624 283 1680 iussit
313 1638 425 1681 quae
458 1623 515 1666 ad
546 1621 754 1665 Carmina
784 1621 966 1664 Horatii
1003 1620 1320 1677 adscripserat.
1383 1636 1405 1663 e
1438 1619 1597 1677 quibus
1628 1620 1771 1663 multa
1803 1635 1883 1676 ego

108 1729 112 1734 .
147 1693 382 1747 discebam,
413 1693 627 1749 pleraque
649 1691 899 1745 laudabam,
934 1691 987 1734 de
1014 1690 1116 1733 aliis
1147 1689 1271 1745 longi
1292 1689 1625 1733 reviviscebant
1644 1704 1881 1744 sermones,

149 1778 258 1820 quos
291 1763 344 1806 de
375 1762 456 1805 hoc
485 1761 765 1819 potissimum
794 1764 950 1818 poeta,
996 1760 1071 1817 qui
1113 1759 1231 1802 inter
1261 1759 1485 1802 Romanos
1524 1759 1712 1803 maxime
1745 1758 1883 1801 Grae-

149 1848 225 1875 cus
260 1836 349 1885 est,
395 1846 527 1888 saepe
574 1846 828 1887 egeramus,
875 1830 1012 1873 donec
1042 1829 1089 1872 in
1119 1828 1268 1872 indole
1301 1828 1464 1871 studiis
1496 1828 1670 1872 artibus
1702 1827 1884 1871 Horatii

149 1901 439 1945 aestimandis
469 1901 602 1958 plane
634 1900 1003 1953 consentiremus,
1037 1914 1164 1942 secus
1187 1914 1213 1941 a
1243 1898 1392 1954 vulgO,
1426 1898 1496 1941 cui
1526 1898 1598 1941 hic
1628 1901 1774 1954 poeta,
1809 1897 1885 1954 qui

150 1971 318 2015 Romae
348 1971 394 2013 in
425 1971 690 2026 Augusteae
722 1969 887 2013 aetatis
933 1969 1031 2013 luce
1061 1968 1173 2012 viris
1205 1967 1432 2011 scribebat
1464 1983 1687 2011 sermones
1718 1967 1883 2010 utrius-

151 2056 234 2098 que
252 2040 432 2096 linguae
455 2040 611 2094 doctis,
634 2040 682 2082 in
701 2055 831 2083 usum
855 2038 1148 2083 scholasticae
1172 2038 1366 2091 umbrae,
1398 2037 1811 2093 ludimagistrorum
1841 2040 1887 2079 et

149 2124 399 2166 puerorum,
427 2109 674 2166 Pimpleum
696 2108 907 2152 scandere
928 2111 1119 2151 montem
1134 2106 1327 2151 videtur.
1390 2106 1467 2149 sed
1489 2105 1667 2161 singula
1688 2119 1886 2162 quaeque

150 2183 272 2223 recte
302 2179 566 2234 intellegere
596 2178 714 2222 velle
744 2178 945 2220 infinitus
991 2177 1120 2220 labor
1152 2181 1243 2230 est,
1286 2191 1426 2232 neque
1469 2175 1566 2218 fieri
1595 2178 1748 2232 potest
1779 2173 1885 2231 quin

152 2248 237 2291 duo
268 2248 466 2291 homines
499 2247 701 2305 quamvis
731 2247 778 2289 in
810 2262 978 2290 summa
1017 2261 1065 2289 re
1096 2245 1452 2298 consentientes,
1500 2243 1577 2286 ubi
1609 2243 1662 2286 de
1694 2243 1884 2298 singulis

153 2317 357 2361 versibus
390 2322 469 2361 aut
500 2317 768 2360 carminibus
801 2317 954 2372 agitur
986 2315 1286 2372 explicandis,
1329 2314 1376 2356 in
1408 2313 1718 2357 diversissima
1749 2312 1886 2355 disce-

154 2387 276 2430 dant.
338 2402 599 2444 quamquam
644 2387 692 2429 hi
729 2386 906 2443 quidem
947 2385 1218 2442 disputando
1249 2384 1508 2441 plerumque
1540 2382 1598 2425 ad
1629 2397 1888 2425 consensum

154 2456 457 2510 deducuntur,
497 2456 625 2499 modo
667 2455 833 2500 erroris
873 2471 919 2498 se
961 2454 1160 2498 convinci
1190 2453 1452 2510 patiantur,
1500 2451 1663 2507 vulgus
1695 2466 1749 2494 ne
1781 2450 1887 2507 quid

153 2525 387 2581 ignorasse
432 2525 641 2569 videatur
680 2525 793 2568 nihil
834 2524 1006 2568 mavult
1038 2523 1222 2566 discere.
1282 2525 1389 2564 tunc
1418 2521 1561 2577 igitur
1591 2521 1637 2563 in
1669 2535 1764 2563 eam
1795 2535 1887 2563 car·
1933 2523 1942 2533 '

155 2595 286 2638 minis
315 2595 341 2638 I
370 2596 427 2638 28
458 2595 797 2652 explicationem
826 2594 983 2648 incidi,
1032 2608 1162 2650 quam
1192 2607 1306 2635 nunc
1337 2591 1492 2648 paucis
1524 2593 1699 2634 auctam
1729 2605 1886 2646 propo-

157 2664 326 2708 siturus
358 2680 466 2708 sum.
527 2680 639 2722 quae
669 2663 940 2719 Kiesslingii
969 2663 1176 2720 plausum
1207 2661 1363 2705 statim
1393 2660 1591 2714 ferebat,
1638 2659 1716 2702 sed
1745 2674 1887 2716 neque

158 2748 239 2789 ego
271 2735 325 2778 ab
356 2733 435 2777 illo
466 2734 707 2792 impetrare
738 2733 877 2791 potui,
908 2736 961 2775 ut
990 2733 1088 2776 iure
1110 2731 1333 2775 amicitiae
1363 2730 1409 2772 in
1441 2744 1567 2773 suum
1598 2744 1694 2772 eam
1723 2728 1888 2785 recipe-

155 2807 228 2847 ret
259 2804 638 2859 commentarium,
683 2819 825 2861 neque
856 2803 935 2846 ille
967 2818 994 2846 a
1024 2817 1105 2856 me,
1150 2805 1202 2844 ut
1232 2801 1313 2844 hoc
1343 2801 1479 2845 breve
1510 2799 1712 2842 foliolum
1744 2797 1887 2854 splen-

159 2873 288 2918 didae
333 2888 518 2917 coronae
557 2878 783 2932 tamquam
813 2888 956 2916 meum
995 2872 1322 2915 intersererem.
1392 2885 1471 2913 nec
1511 2869 1642 2913 facile
1689 2883 1803 2910 nunc
1835 2867 1888 2910 de

157 2943 313 2987 latinis
345 2959 426 3000 ego
458 2944 726 2988 carminibus
746 2944 886 2988 verba
914 2943 1117 2996 facerem,
1149 2941 1238 2984 nisi
1268 2939 1490 2984 amicitiae
1512 2943 1694 2982 nostrae
1723 2937 1791 2980 ita
1820 2952 1888 2980 me

158 3012 292 3058 litare
323 3013 638 3072 quodammodo
668 3018 886 3072 putarem.

276 3083 454 3127 Minime
475 3083 747 3127 laudandum
779 3086 851 3125 est
883 3096 1057 3125 carmen
1077 3079 1190 3123 illud
1223 3078 1338 3136 quod
1369 3078 1413 3121 in
1435 3077 1685 3133 Archytam
1706 3075 1889 3118 inscribi

1500 3147 1522 3188 1
1539 3149 1559 3173 ss
