2139 3348
864 130 1146 173 -19-

138 249 221 301 ret,
255 245 333 289 sed
362 244 433 288 hio
465 244 650 289 Toxilus
691 248 862 289 ceteros
906 260 1061 290 servos
1103 245 1235 301 longe
1278 249 1463 303 superat
1503 247 1691 292 audacia
1727 252 1773 293 et
1804 265 1872 293 su-

139 315 310 374 perbia.
372 316 478 359 emit
505 316 782 360 meretricem
804 315 1019 359 sescentis
1041 317 1243 370 nummis,
1275 316 1468 373 imperat
1499 333 1710 363 conservo
1737 319 1877 376 Paeg-

140 385 227 439 nio,
261 386 503 429 contemnit
535 385 804 440 Dordalum,
835 385 1025 428 liberum
1055 385 1300 439 hominem,
1348 386 1550 443 parasito
1591 388 1736 432 utitur
1768 389 1877 432 cive.

140 455 332 499 Plautus
363 457 409 499 in
439 456 658 514 principio
700 455 879 498 fabulae
919 455 1211 499 admirantem
1253 455 1363 499 facit
1402 455 1756 512 Sagaristionem
1794 459 1879 501 iam

139 526 250 568 servi
280 526 345 569 hic
375 530 517 568 amant
551 525 654 582 (25),
690 525 768 568 sed
798 528 957 582 postea
989 524 1152 568 Graeci
1181 529 1341 582 poetae
1374 526 1570 582 vestigia
1599 529 1774 584 premit,
1807 544 1878 571 ne-

142 610 224 652 que
263 596 463 653 profecto
507 595 565 639 ad
603 595 827 638 Romanos
867 610 1012 638 mores
1052 595 1165 638 hanc
1210 595 1397 638 maxime
1439 596 1642 639 Atticam
1682 597 1879 640 fabulam

138 669 321 722 poterat
351 681 577 710 revocare.
641 665 802 722 quippe
825 680 912 708 non
936 665 1078 708 solum
1110 665 1185 722 qui
1217 665 1270 709 de
1300 666 1529 723 republica
1550 666 1710 711 Attica
1743 667 1878 724 scrip-

141 734 203 778 sit
235 734 413 778 Cleonis
447 739 597 779 aetate
643 750 797 779 servos
828 734 1023 779 Athenis
1055 734 1280 778 liberrime
1313 735 1465 779 vivere
1497 740 1764 794 conquestus
1797 742 1878 791 est,

141 808 220 848 aut
261 804 594 862 Paphlagonem
625 805 671 847 in
712 820 948 848 conservos
981 820 1084 847 suos
1117 805 1389 848 saevientem
1420 805 1592 849 inducit
1614 806 1880 864 Aristopha-

139 889 232 929 nes,
250 875 329 918 sed
342 874 559 918 Periclem
577 875 739 918 scimus
760 875 827 918 rei
842 874 1057 918 familiari
1074 890 1180 918 suae
1197 875 1511 932 praeposuisse
1529 876 1881 933 dispensatorem

141 959 319 987 servum
339 944 585 1000 (Plutarch.
599 944 700 987 Per.
714 945 779 999 16,
797 945 854 1001 5),
871 948 916 987 et
928 944 1244 987 Demosthenis
1260 945 1305 987 in
1321 944 1550 988 Calliclem
1572 946 1714 989 oratio
1737 945 1880 990 Calla-

139 1028 237 1056 rum
267 1014 445 1057 vilicum
471 1014 517 1056 in
537 1014 673 1057 fundo
701 1014 767 1057 eri
790 1014 847 1058 ad
864 1014 1098 1057 arbitrium
1119 1014 1265 1057 omnia
1295 1014 1697 1070 administrantem,
1721 1016 1880 1060 vicinis

141 1083 313 1127 civibus
330 1083 512 1139 negotia
533 1083 839 1137 facessentem,
872 1084 918 1126 in
939 1084 1009 1126 ius
1032 1088 1237 1127 vocatum
1261 1084 1487 1127 describit.
1530 1085 1701 1128 nullum
1732 1089 1881 1129 autem

139 1152 261 1196 vitae
277 1152 463 1196 Atticae
485 1153 793 1197 documentum
813 1153 956 1210 magis
973 1153 1246 1196 luculentum
1265 1157 1334 1197 est
1351 1154 1552 1210 magisve
1568 1155 1748 1211 dignum
1765 1155 1881 1213 quod

141 1238 238 1265 cum
268 1221 409 1267 Persa
441 1227 730 1280 componatur
770 1239 902 1281 quam
932 1223 1179 1280 Hyperidis
1221 1227 1376 1267 contra
1406 1224 1745 1281 Athenogenem
1784 1241 1880 1268 ora-

140 1293 219 1345 tio,
252 1292 486 1336 Gallorum
517 1293 844 1350 philologorum
876 1293 1079 1336 sollertia
1110 1309 1160 1336 ac
1196 1293 1415 1337 felicitate
1448 1309 1501 1337 ex
1541 1295 1700 1338 inferis
1737 1310 1880 1352 nuper

140 1362 383 1406 suscitata:
427 1362 594 1406 Midam
636 1378 813 1407 servum
855 1378 1060 1419 magnam
1091 1362 1209 1406 aeris
1242 1363 1377 1406 alieni
1411 1364 1569 1407 molem
1601 1365 1877 1419 contrahere,

141 1433 270 1490 quasi
301 1433 453 1490 patria
482 1436 712 1490 potestate
733 1433 780 1476 in
811 1433 929 1476 filios
950 1433 1031 1486 uti,
1066 1448 1161 1476 cum
1193 1433 1299 1476 filiis
1331 1433 1490 1476 redimi
1508 1450 1727 1492 manuque
1760 1435 1881 1478 mitti

141 1503 357 1546 videmus.
419 1518 531 1560 quae
563 1503 707 1547 oratio
740 1519 837 1546 cum
867 1503 962 1546 fere
995 1503 1196 1560 aequalis
1229 1503 1310 1558 sit,
1352 1503 1465 1547 hanc
1496 1519 1626 1562 quam
1656 1505 1880 1548 instaura-

139 1588 236 1616 mus
288 1572 556 1616 comoediam
607 1574 771 1631 optime
825 1573 1045 1618 illustrat.
1116 1588 1272 1617 verum
1315 1577 1714 1631 quantamcumque
1756 1574 1881 1619 vitae

118 1643 367 1687 ·licentiam
409 1643 569 1687 Attica
612 1644 906 1687 mansuetudo
951 1643 1096 1687 servis
1138 1643 1379 1698 concessit,
1428 1644 1550 1688 servi
1580 1647 1729 1688 tamen
1761 1648 1879 1699 sunt,

141 1729 220 1757 suo
251 1714 425 1758 nomine
455 1715 567 1758 nihil
596 1718 788 1772 possunt
818 1713 864 1757 in
893 1714 990 1757 iure
1023 1728 1170 1769 agere,
1202 1714 1250 1756 in
1280 1729 1413 1758 manu
1444 1714 1510 1758 eri
1540 1718 1735 1758 manent.
1796 1715 1881 1759 ita-

143 1798 227 1841 que
268 1783 453 1827 Toxilus
484 1783 813 1827 Lemniselenin
852 1798 995 1841 neque
1038 1783 1146 1826 emit
1182 1799 1323 1841 neque
1367 1799 1500 1827 manu
1536 1784 1701 1839 mittit,
1746 1785 1824 1827 sed
1856 1800 1882 1828 a

142 1855 343 1899 Dordalo
379 1871 431 1900 ea
462 1856 715 1900 condicione
745 1870 878 1899 manu
907 1854 1120 1909 mittitur,
1153 1858 1204 1897 ut
1236 1853 1393 1897 Toxilo
1427 1858 1664 1911 appareat:
1713 1855 1881 1898 similes

143 1925 422 1970 condiciones
465 1926 511 1969 in
556 1927 670 1970 actis
701 1925 932 1983 Delphicis
964 1925 1154 1982 aliisque
1184 1924 1500 1968 liberationum
1530 1924 1680 1968 titulis
1713 1925 1881 1968 multae

141 1996 366 2052 leguntur.
427 1996 620 2039 Athenis
645 2012 742 2039 cum
772 1995 886 2039 talia
906 1995 1131 2052 lapidibus
1154 2009 1241 2037 non
1271 1994 1622 2038 inscriberentur
1643 2010 1783 2052 neque
1802 2010 1882 2052 per

143 2065 366 2109 fictionem
408 2081 520 2123 quae
575 2066 739 2109 dicitur
780 2065 974 2122 legalem
1013 2065 1135 2109 servi
1173 2064 1394 2108 liberandi
1435 2064 1515 2107 deo
1556 2064 1691 2108 alicui
1721 2065 1882 2108 vende-

143 2139 321 2190 rentur,
369 2136 536 2179 factum
576 2139 647 2179 est
687 2139 739 2179 ut
778 2135 920 2178 multa
951 2150 1063 2192 quae
1095 2134 1208 2177 scire
1241 2133 1473 2191 expediret
1518 2134 1753 2178 memoriae
1795 2149 1883 2177 non

141 2205 444 2249 traderentur.
504 2220 718 2263 persaepe
748 2205 1001 2249 liberantur
1034 2204 1155 2248 servi
1173 2203 1219 2246 in
1252 2203 1486 2258 comoedia,
1520 2204 1599 2248 sed
1629 2204 1718 2248 nisi
1747 2205 1884 2248 fallor

141 2290 223 2332 per
254 2275 395 2318 solum
427 2275 492 2318 eri
523 2276 720 2319 verbum.
782 2291 911 2333 quem
930 2289 1078 2319 coram
1107 2274 1269 2332 populo
1291 2273 1591 2331 proclamasse
1624 2289 1670 2318 se
1703 2289 1881 2318 servum

142 2345 258 2388 hunc
299 2345 494 2389 liberare
543 2345 722 2389 aliunde
768 2346 944 2389 scimus.
1006 2345 1083 2388 sed
1124 2348 1275 2387 utrum
1314 2343 1423 2387 talis
1459 2343 1752 2401 proclamatio
1783 2345 1882 2400 lego

144 2415 426 2472 praescripta
456 2415 607 2471 fuerit,
640 2431 696 2459 an
727 2431 884 2459 nomen
915 2414 1071 2458 liberti
1102 2414 1160 2457 ad
1190 2414 1507 2470 magistratum
1539 2414 1729 2471 aliquem
1764 2414 1883 2457 defe-

143 2485 327 2527 rendum
358 2485 519 2540 fuerit,
565 2501 651 2528 non
684 2485 963 2542 exploratum
995 2488 1076 2528 est.
1140 2499 1404 2541 quamquam
1447 2484 1687 2527 habuerint
1729 2484 1882 2526 liberti

143 2569 325 2598 necesse
355 2559 426 2599 est
456 2558 536 2599 aut
565 2555 709 2600 libelli
733 2555 933 2612 legitime
965 2554 1192 2610 obsignati
1224 2557 1303 2597 aut
1332 2553 1517 2597 testium
1550 2553 1880 2607 auctoritatem,

147 2623 306 2681 quibus
337 2623 593 2668 libertatem
638 2625 946 2669 demonstrare
985 2627 1183 2682 possent.
1245 2623 1472 2666 Dordalus
1513 2623 1660 2680 pretio
1702 2627 1881 2680 accepto

147 2693 266 2750 (438)
299 2693 562 2751 simpliciter
593 2694 726 2749 dicit,
760 2710 807 2738 se
837 2694 1033 2738 liberare
1063 2693 1152 2737 iam
1182 2692 1540 2747 Lemniselenin,
1587 2696 1632 2735 et
1661 2693 1707 2735 in
1738 2693 1883 2736 forum

147 2762 266 2817 abit,
311 2766 363 2806 ut
392 2778 591 2808 nummos
636 2780 745 2822 quos
778 2780 804 2808 a
836 2764 994 2807 Toxilo
1027 2762 1198 2821 accepit
1227 2762 1500 2819 argentariis
1532 2766 1753 2819 proponat
1785 2777 1882 2806 exa-

144 2832 376 2877 minandos
431 2834 664 2891 (quantum
719 2834 894 2892 quidem
952 2848 975 2878 e
1020 2834 1115 2877 loco
1170 2833 1317 2876 lacero
1367 2831 1520 2887 colligi
1560 2833 1754 2888 potest);
1806 2832 1883 2874 ubi

148 2905 296 2945 autem
340 2902 481 2957 redit,
526 2904 655 2961 quasi
697 2904 815 2961 apud
850 2907 1104 2961 praetorem
1142 2903 1374 2959 professus
1407 2901 1467 2944 sit
1497 2901 1824 2944 Lemniselenin
1857 2916 1883 2944 a

148 2986 195 3014 se
225 2987 359 3015 manu
388 2972 568 3016 missam
604 2988 714 3028 esse,
746 2974 947 3031 loquitur
975 2973 1111 3029 (487).
1172 2972 1218 3014 in
1251 2971 1410 3028 quibus
1443 2974 1660 3027 quatenus
1684 2970 1881 3013 Graecos

147 3040 361 3085 Romanis
392 3042 588 3087 moribus
620 3043 866 3087 mutaverit
885 3042 1091 3096 Plautus,
1126 3041 1315 3097 ambigo.
1375 3040 1517 3083 multa
1550 3040 1603 3082 ab
1635 3055 1684 3083 eo
1715 3043 1882 3084 novata

149 3125 248 3156 esse
277 3114 446 3156 certum
490 3116 582 3169 est,
626 3113 842 3170 siquidem
885 3111 1098 3170 quidquid
1129 3111 1174 3153 in
1208 3110 1418 3154 credendi
1459 3109 1596 3155 verbo
1626 3109 1824 3166 luditur,
1857 3125 1884 3154 a

1445 3180 1503 3224 2*
