2139 3348
838 169 1124 211 -17—

112 286 186 330 dia
217 284 452 330 comoedia.
526 283 605 327 sed
647 283 892 340 Diogenem
924 283 1176 327 Alexandri
1219 284 1450 341 aequalem
1481 300 1579 329 esse
1611 285 1738 343 pueri
1769 287 1852 330 sci-

111 358 217 410 unt,
262 357 308 398 et
339 353 616 397 Onesicritus
649 354 830 411 cynicus
861 354 908 396 in
939 353 1227 397 Macedonum
1260 354 1459 398 exercitu
1488 354 1600 409 fuit,
1651 359 1696 399 et
1728 356 1850 400 canis

111 424 285 468 nomine
315 423 404 467 iam
433 422 732 466 Antisthenes
762 437 871 466 usus
903 425 987 466 est.
1047 422 1201 481 itaque
1233 424 1464 481 quominus
1508 427 1658 467 aetate
1694 424 1851 467 Demo-

114 493 316 538 sthenica
346 493 456 536 haec
487 493 656 550 scripta
696 491 808 546 sint,
857 492 1039 549 cynicus
1070 507 1156 535 non
1186 493 1396 550 impedit,
1444 493 1604 536 suadet
1634 508 1760 547 vero,
1802 497 1855 536 ut

112 563 252 607 multo
296 562 537 606 credantur
568 561 835 619 antiquiora.
871 587 919 592 —
952 562 1035 604 137
1078 561 1276 618 Megaris
1323 562 1529 605 Athenas
1570 563 1696 605 venit
1739 563 1852 606 leno.

112 633 280 677 nullam
300 632 410 676 haec
431 631 630 675 indicant
655 634 862 686 aetatem,
887 631 965 674 sed
981 631 1034 674 de
1057 631 1233 675 Neaera
1257 631 1372 675 idem
1393 632 1572 675 narrari
1595 633 1649 675 ab
1672 632 1854 689 Apollo-

114 703 222 746 doro
269 706 528 746 accusatore
569 701 810 757 neglegere
846 701 982 744 nolui.
1020 727 1065 731 -—
1104 701 1186 744 159
1234 701 1289 745 ad
1336 701 1620 745 Saturionem
1662 701 1853 745 interro-

115 776 307 830 gantem,
340 772 455 815 unde
485 771 605 814 filiae
635 770 682 813 in
712 770 938 814 Persicam
970 770 1189 826 virginem
1219 771 1458 815 mutandae
1491 774 1751 815 ornamenta
1784 787 1853 815 su-

111 846 218 896 mat,
251 841 437 885 Toxilus
467 842 540 883 abs
563 841 739 895 chorayo
770 841 935 892 sumito,
968 840 1126 898 inquit,
1160 841 1262 883 dare
1283 841 1408 894 debet,
1436 842 1677 894 praebenda
1699 841 1854 884 aediles

113 913 361 956 locaverunt.
438 909 730 955 consimiliter
775 909 949 953 iocatur
995 909 1185 953 Plautus
1228 909 1351 953 Trin.
1393 911 1504 965 8573
1559 910 1676 953 idem
1720 910 1773 953 fit
1808 910 1855 953 in

114 981 405 1039 Captivorum
434 980 620 1037 prologo
652 979 720 1034 61,
754 982 799 1023 et
829 979 875 1022 in
908 979 1190 1023 Curculionis
1221 979 1434 1036 parabasi
1466 995 1493 1023 a
1524 980 1715 1036 chorago
1747 980 1855 1024 reci-

111 1055 213 1095 tata
242 1051 341 1094 464.
404 1053 450 1093 et
480 1050 620 1093 fuisse
651 1049 770 1093 inter
800 1049 1024 1093 technitas
1050 1050 1290 1093 Bacchicos
1323 1050 1636 1105 ίματιομίσθας
1665 1050 1851 1108 inscrip-

112 1121 258 1164 tiones
295 1120 573 1164 Soteriorum
603 1119 847 1176 Delphicae
888 1119 1145 1162 docuerunt.
1209 1134 1473 1176 quamquam
1514 1119 1560 1161 in
1592 1119 1854 1163 Curculione

113 1191 331 1247 choragus
378 1194 635 1234 ornamenta
677 1189 823 1244 locat,
871 1189 918 1232 in
948 1189 1089 1233 Persa
1134 1190 1189 1232 ab
1222 1189 1442 1232 aedilibus
1486 1188 1635 1233 locata
1678 1190 1855 1248 accipit.

112 1260 266 1318 itaque
297 1260 443 1304 videri
473 1259 619 1317 possit
650 1259 818 1303 aediles
849 1259 1059 1302 intulisse
1090 1259 1317 1302 Romanus
1357 1261 1503 1316 poeta,
1535 1259 1582 1302 in
1614 1261 1857 1317 exemplari

114 1334 263 1374 autem
308 1330 562 1388 repperisse
607 1329 869 1386 choragum;
925 1328 1133 1372 similiter
1192 1328 1307 1372 enim
1358 1328 1476 1371 ludit
1519 1329 1853 1387 Aristophanes

112 1400 216 1444 Pac.
241 1401 368 1443 1062.
430 1400 508 1444 sed
538 1399 711 1442 incerta
740 1414 790 1442 re
820 1413 908 1441 non
939 1399 1114 1453 abutar,
1146 1402 1198 1441 ut
1229 1402 1467 1456 antequam
1498 1399 1680 1455 choragi
1711 1400 1851 1443 Athe-

113 1470 184 1513 nis
231 1470 530 1526 agonothetae
569 1472 822 1522 cesserunt,
875 1469 904 1512 i.
937 1483 974 1512 e.
1017 1472 1121 1511 ante
1151 1468 1374 1511 Demetrii
1404 1468 1614 1512 Phalerei
1646 1473 1855 1523 aetatem,

114 1539 300 1583 Persam
332 1540 546 1597 scriptam
578 1555 676 1583 esse
708 1538 977 1582 concludam.
1009 1564 1065 1569 —
1096 1538 1194 1581 339.
1226 1537 1320 1581 filia
1351 1538 1586 1581 Saturioni
1618 1540 1856 1596 exprobra-

112 1610 182 1654 vit
213 1610 330 1667 quod
371 1609 544 1654 ventris
577 1624 712 1653 causa
753 1624 799 1652 se
836 1608 1028 1653 vendere
1060 1608 1221 1662 vellet,
1270 1608 1340 1651 cui
1369 1607 1447 1651 ille
1477 1609 1631 1651 mirum
1663 1611 1765 1663 quin
1793 1624 1857 1653 re-

109 1676 176 1736 '9is
208 1681 405 1734 Philippi
434 1694 562 1723 causa
603 1684 678 1722 aut
707 1679 848 1722 Attali
878 1683 916 1722 te
939 1679 1083 1732 potius
1113 1679 1292 1721 vendam
1325 1692 1450 1732 quam
1482 1692 1585 1722 mea.
1645 1678 1858 1723 Plautum

115 1765 221 1794 suae
253 1750 420 1794 aetatis
451 1750 632 1806 regibus
654 1750 724 1792 uti
746 1752 1091 1793 consentaneum
1115 1752 1224 1803 erat⁷
1258 1763 1399 1806 neque
1430 1748 1476 1791 in
1498 1748 1688 1793 alteram
1708 1753 1856 1793 utram

113 1824 290 1878 partem
322 1820 563 1877 quidquam
593 1819 674 1863 hoc
705 1819 857 1862 efficit.
919 1833 1025 1862 cave
1056 1822 1205 1861 tamen
1236 1818 1413 1872 credaS,
1448 1832 1474 1860 a
1506 1817 1668 1861 comico
1699 1818 1856 1862 Attico

116 1889 282 1934 similia
324 1905 413 1933 non
442 1889 645 1947 potuisse
687 1889 796 1944 dici,
840 1892 1079 1946 antequam
1121 1903 1253 1944 reges
1286 1887 1472 1931 Graecis
1506 1887 1855 1932 dominarentur.

113 1959 201 2003 imo
235 1959 377 2003 multo
408 1960 509 2017 plus
543 1959 653 2003 salis
684 1959 779 2002 ioco
812 1959 955 2003 eidem
984 1958 1145 2012 infuit,
1179 1958 1219 2001 si
1248 1957 1595 2001 Demosthenica
1626 1961 1777 2002 aetate
1809 1958 1855 2001 in

119 2045 281 2074 scaena
301 2029 461 2073 Attica
481 2029 776 2073 Atheniensis
807 2029 934 2073 homo
967 2028 1082 2072 dixit
1104 2028 1214 2071 ἀλλὰ
1243 2026 1355 2083 ὑπὲρ
1388 2027 1579 2082 ἐμαυτοῦ
1611 2040 1659 2070 σε
1691 2032 1855 2071 πωλεῖν

115 2103 284 2156 μᾶλλον
317 2102 387 2142 δεῖ
405 2117 457 2155 με
479 2100 505 2155 ἢ
526 2099 638 2156 ὑπὲρ
664 2103 906 2143 Φιλίππου.
967 2103 1073 2143 tunc
1096 2099 1210 2142 enim
1240 2097 1454 2155 permulti
1475 2097 1674 2155 Philippi
1704 2097 1856 2154 gratia

118 2184 165 2213 se
197 2184 387 2227 suosque
419 2170 700 2227 patriamque
729 2169 922 2214 vendere
952 2169 1230 2212 ferebantur.
1268 2194 1312 2200 —
1350 2168 1434 2210 395
1467 2167 1649 2211 Saturio
1683 2167 1855 2210 Atticis

117 2242 294 2283 tantum
322 2239 440 2296 logis
473 2254 520 2283 se
560 2239 629 2282 uti
659 2240 826 2294 iactat,
875 2239 1040 2283 Siculis
1085 2238 1235 2282 nullis.
1313 2238 1448 2281 etiam
1492 2237 1630 2280 tertio
1678 2237 1853 2280 saeculo

118 2309 226 2352 haec
256 2309 452 2352 fortasse
484 2309 775 2364 conveniunt,
820 2309 899 2352 sed
938 2308 1078 2352 multo
1110 2307 1254 2364 magis
1287 2307 1430 2351 aetati
1460 2301 1680 2364 Philippi,
1726 2322 1855 2364 quem

115 2379 319 2435 logorum
352 2379 611 2423 Atticorum
643 2379 947 2423 collectionem
995 2379 1168 2423 talento
1209 2377 1368 2422 emisse
1399 2377 1544 2421 tradit
1575 2376 1854 2434 Telephanes

118 2561 184 2606 qui
209 2562 460 2599 Alexandriae
494 2564 627 2600 scribit
661 2576 840 2609 suamque
875 2565 1005 2600 urbem
1040 2564 1182 2600 iactare.
1209 2563 1314 2607 solet,
1342 2560 1635 2598 Alexandrinam
1661 2559 1700 2595 in
1727 2560 1853 2596 eodem

120 2621 249 2657 efferre
275 2624 424 2667 poterat
448 2623 600 2660 homine
627 2624 832 2660 civitatem.
880 2635 940 2660 me
966 2625 1112 2666 autem,
1146 2635 1193 2659 ne
1229 2623 1319 2659 duos
1344 2624 1474 2668 poetas
1500 2621 1699 2666 Capitones
1725 2620 1856 2655 distin-

119 2692 244 2726 guam,
268 2681 496 2728 Philopappi
509 2683 663 2719 adducit
689 2695 831 2727 nomen,
858 2683 905 2719 ad
932 2695 1042 2728 quem
1056 2682 1241 2718 Athenaei
1268 2682 1401 2727 Capito
1426 2680 1565 2715 librum
1591 2679 1707 2716 misit.
1743 2690 1854 2723 quem

120 2740 232 2777 fuisse
259 2740 297 2776 C.
321 2741 459 2777 Iulium
486 2743 712 2779 Antiochum
751 2744 983 2789 Epiphanem
1011 2743 1288 2788 Philopappum
1316 2742 1555 2783 Besaensem‚
1591 2739 1696 2775 cuius
1731 2741 1854 2773 tumu-

119 2800 178 2835 lus
205 2799 243 2835 in
269 2800 397 2836 Museo
423 2802 479 2836 est
504 2803 672 2845 Athenis,
702 2803 749 2838 ad
776 2815 888 2847 quem
913 2803 1138 2838 Plutarchus
1178 2802 1223 2837 de
1252 2801 1446 2837 adulatore
1473 2801 1512 2835 et
1537 2799 1657 2835 amico
1684 2798 1854 2834 libellum

120 2859 249 2906 dedit,
289 2859 354 2895 vix
392 2860 579 2907 quispiam
619 2862 826 2908 negaverit.
889 2862 1084 2908 Capitonis
1121 2862 1276 2897 fortasse
1315 2860 1548 2906 epigramma
1574 2858 1714 2904 legitur
1741 2857 1856 2892 Anth.

119 2918 197 2953 Pal.
216 2918 250 2954 V
275 2919 332 2954 67.
386 2921 427 2954 ut
469 2921 515 2956 ad
555 2921 808 2958 Stratonicum
845 2922 1019 2963 redeam,
1056 2922 1155 2956 hunc
1193 2933 1214 2956 a
1241 2921 1377 2956 Plauto
1416 2920 1475 2955 vel
1503 2918 1627 2964 potius
1654 2930 1676 2954 a
1702 2917 1855 2963 Diphilo

120 2978 401 3014 commemorari
426 2980 521 3016 Rud.
548 2982 617 3016 932
644 2981 785 3027 optime
811 2980 1000 3017 intellexit
1018 2980 1254 3025 Ostermayer
1279 2980 1340 3024 (de
1368 2978 1496 3013 histor.
1523 2977 1639 3012 fabul.
1667 2977 1703 3012 in
1728 2975 1855 3010 Plauti

121 3048 213 3072 com.
228 3036 473 3083 Gryph.1884
486 3050 526 3084 p.
539 3040 624 3084 60):
650 3040 806 3076 dimidio
819 3040 897 3076 fere
913 3042 999 3086 post
1015 3042 1172 3075 mortem
1199 3038 1403 3074 stratonici
1422 3037 1569 3072 sacculo
1594 3037 1686 3071 haec
1711 3034 1858 3079 Diphili

120 3096 262 3142 scripta
286 3099 384 3133 sunt.
433 3099 496 3134 sed
521 3099 617 3134 nihil
643 3100 714 3134 hoc
741 3099 827 3134 miri
855 3100 988 3135 habet:
1027 3099 1156 3135 eodem
1191 3100 1360 3143 tempore
1387 3095 1628 3143 peripatetici
1666 3094 1704 3130 in
1743 3093 1854 3129 dictis

123 3155 290 3193 eiusdem
317 3158 537 3204 colligendis
561 3158 675 3194 multi
700 3161 797 3195 sunt.

1416 3215 1444 3257 2
