2139 3348
916 165 969 173 .-
1032 142 1058 183 7
1118 167 1175 172 -

181 271 310 316 quam
338 255 511 314 poetice
543 255 738 300 decorat.
799 255 1062 299 Callimachi
1092 256 1174 299 hoc
1205 259 1298 310 est,
1338 256 1480 300 Anth.
1513 256 1609 301 Pal.
1642 258 1735 302 VII
1769 260 1853 301 277

437 327 515 377 τίς,
548 325 671 378 ξένος
700 323 734 368 ὦ
765 324 951 380 ναυηγέ;
984 327 1222 382 Λεόντιχος
1252 326 1415 369 ἐνθάδε
1446 329 1605 382 νεκρὸν

523 393 628 463 εὗρέ
655 395 691 437 θ’
725 394 786 437 ἐπ’
821 397 1024 449 αἰγιαλοῦ
1054 395 1171 451 χῶσέ
1197 412 1242 438 τε
1272 397 1385 451 τῷδε
1415 396 1552 454 τάφῳ,

437 465 660 520 δακρύσας
690 464 900 519 ἐπίκηρον
932 463 1006 507 ἑὸν
1035 467 1158 519 βίον·
1192 463 1296 507 οὐδὲ
1322 466 1404 520 γὰρ
1437 465 1568 515 αὐτὸς

524 536 704 590 ἥσυχον,
737 535 894 590 αἰθυίῃ
926 534 962 576 δ’
1000 531 1072 576 ἶσα
1103 534 1499 590 θαλασσοπορεῑι).

178 631 230 658 en
271 619 410 658 nauta
449 615 651 671 ignotum
690 614 776 658 sibi
821 617 1004 658 nautam
1043 615 1156 658 mari
1188 616 1469 672 absumptum
1502 616 1744 673 sepeliens,
1787 618 1910 660 cuius

178 688 456 728 monumento
487 700 566 742 pro
597 683 770 726 nomine
802 684 1199 740 interrogationem
1230 685 1474 728 inscribere
1505 689 1684 728 coactus
1717 690 1798 729 est.
1861 702 1910 729 eo

179 758 327 797 autem
359 757 566 811 praestat
595 753 846 796 Horatiano
880 752 1226 796 Callimacheum
1258 769 1447 808 carmen,
1482 755 1597 812 quod
1628 758 1766 798 nauta
1797 755 1913 798 alter

175 824 376 881 loquitur
423 838 664 880 nomenque
719 838 844 866 suum
896 823 1091 877 indicat,
1151 823 1266 880 quod
1319 824 1570 867 necessario
1621 824 1909 867 omittendum

176 898 276 938 erat
315 893 526 946 Horatio,
573 892 678 949 quia
707 896 929 935 mortuum
959 892 1212 949 loquentem
1244 893 1459 948 faciebat;
1505 909 1630 950 quem
1674 898 1822 937 tamen
1866 899 1912 937 et

175 963 319 1020 ipsum
359 966 450 1005 tam
491 962 693 1017 ignotum
737 962 993 1018 legentibus
1034 977 1131 1005 esse
1174 962 1320 1005 voluit
1350 978 1479 1020 quam
1510 963 1761 1006 necessario
1794 964 1911 1020 apud

176 1032 492 1075 Callimachum
534 1035 646 1074 erat.
719 1031 924 1074 nimirum
954 1031 1171 1074 hominem
1204 1047 1331 1089 quem
1363 1032 1598 1076 effinxerat
1628 1033 1802 1076 minime
1840 1049 1910 1076 cu-

174 1102 318 1144 rabat.
381 1116 464 1158 quo
497 1117 523 1144 a
555 1100 728 1144 Graeca
760 1100 954 1144 veritate
996 1104 1041 1144 et
1072 1101 1361 1158 simplicitate
1393 1102 1524 1158 longe
1555 1102 1766 1156 recessit,
1800 1118 1910 1160 quae

175 1171 230 1214 ab
262 1186 312 1214 6ο
345 1171 419 1228 qui
456 1171 642 1228 loquens
685 1170 972 1213 induceretur
1014 1173 1060 1213 et
1089 1186 1246 1214 nomen
1279 1176 1324 1214 et
1354 1172 1546 1228 patriam
1578 1175 1624 1214 et
1655 1187 1804 1215 omnes
1837 1187 1908 1214 res

175 1256 279 1283 suas
301 1240 480 1296 neglegi
511 1255 747 1297 numquam
767 1255 958 1297 passura
980 1240 1155 1283 fuisset.
1217 1240 1272 1283 ad
1303 1241 1538 1296 praeclara
1568 1241 1780 1283 nobilium
1811 1257 1909 1298 poe-

173 1313 321 1353 tarum
353 1310 561 1363 carmina,
596 1325 708 1367 quae
730 1309 967 1352 Horatium
1000 1310 1157 1365 fugere
1188 1325 1274 1352 non
1296 1313 1519 1366 poterant,
1555 1311 1726 1353 accedit
1757 1326 1779 1353 e
1812 1324 1912 1354 sua-

172 1380 303 1423 vibus
346 1394 458 1437 quae
495 1378 733 1422 Simonidis
776 1379 1029 1422 memoriam
1072 1379 1308 1423 illustrant
1361 1379 1526 1422 fabulis
1580 1380 1698 1422 haud
1750 1379 1909 1422 ultima

173 1448 294 1502 haec,
329 1464 459 1506 quam
492 1448 718 1491 Ciceronis
758 1449 831 1504 (de
864 1448 952 1491 div.
984 1448 1008 1491 I
1039 1449 1114 1504 56)
1154 1449 1305 1492 verbis
1337 1464 1524 1491 narrare
1555 1449 1717 1505 placet.
1779 1450 1908 1493 Simo-

172 1520 292 1562 nides
320 1533 410 1561 cum
452 1519 637 1573 {quotum
677 1519 883 1573 quendam
914 1519 1146 1572 proiectum
1176 1522 1381 1561 mortuum
1411 1519 1583 1561 vidisset
1625 1533 1793 1572 eumque
1833 1519 1909 1560 leu-

172 1589 369 1631 mavisset
399 1589 641 1642 haberetque
679 1589 723 1630 in
764 1589 903 1630 animo
933 1603 1082 1631 navem
1113 1590 1391 1643 conscendere,
1432 1589 1593 1630 moneri
1621 1589 1738 1630 visus
1770 1592 1830 1630 est
1859 1602 1911 1630 ne

107 1710 112 1716 ι
172 1659 219 1700 id
245 1659 401 1712 faceret
431 1658 483 1700 ab
515 1671 559 1700 eo
590 1671 707 1712 quem
737 1658 956 1711 sepultura
988 1660 1199 1712 affeeerc1t5
1229 1659 1268 1700 si
1299 1658 1582 1712 naviqavisset
1611 1672 1702 1700 eum
1732 1659 1910 1711 naufra-

169 1728 239 1783 92'0
269 1741 356 1770 esse
377 1728 631 1781 periturum,
689 1728 828 1782 itaque
856 1728 1109 1771 Simonidem
1141 1728 1318 1779 redisse,
1352 1728 1512 1780 perisse
1542 1731 1693 1770 eeteros
1723 1728 1794 1781 qui
1825 1731 1910 1769 tum.

171 1798 500 1852 naviyavissent.
563 1796 716 1840 Cicero
747 1796 978 1839 Posidonii
1019 1797 1216 1852 vestigia
1258 1796 1441 1854 premit,
1483 1796 1561 1840 sed
1592 1796 1766 1840 Stoicos
1799 1796 1908 1839 divi-

173 1866 368 1909 nationis
387 1866 655 1921 adsertores,
691 1867 991 1924 Chrysippum
1012 1866 1241 1924 imprimis,
1276 1867 1428 1909 eadem
1450 1881 1660 1909 narrasse
1683 1881 1764 1923 pro
1787 1870 1908 1909 certo

172 1936 280 1979 licet
310 1935 559 1979 adfirmare.
621 1951 763 1994 neque
795 1937 949 1979 dubito
983 1936 1089 1994 quin
1121 1940 1225 1979 ante
1257 1936 1478 1979 conditam
1509 1937 1564 1979 ab
1586 1936 1907 1979 Alexandrinis

172 2005 474 2061 grammaticis
532 2006 773 2049 carminum
823 2006 1174 2050 Simonideorum
1230 2006 1453 2064 syllogam
1496 2021 1518 2049 e
1561 2006 1715 2050 fabula
1754 2009 1907 2049 natum

172 2075 234 2118 sit
264 2075 378 2119 exile
410 2075 491 2118 hoc
522 2075 744 2132 elegidion

462 2155 591 2207 οὗτος
621 2163 700 2200 τοῦ
731 2159 883 2200 Κείοιο
914 2159 1175 2212 Σιμωνίδου
1207 2157 1298 2200 ἐστὶ
1328 2160 1515 2213 σαωτήρ,

544 2226 591 2276 ὃς
620 2225 691 2268 καὶ
723 2228 922 2281 τεθνηὼς
954 2231 1080 2279 ζῶντι
1111 2226 1300 2283 παρέσχε
1330 2228 1460 2283 χάριν

174 2307 290 2364 quod
321 2322 417 2349 cum
450 2306 559 2349 alibi
601 2309 697 2349 tum
735 2306 781 2348 in
811 2306 952 2349 Anth.
985 2306 1080 2350 Pal.
1113 2307 1207 2350 VH
1238 2309 1292 2350 77
1323 2308 1504 2363 legitur,
1536 2323 1623 2353 non
1655 2307 1749 2350 sine
1783 2307 1903 2350 scho-

171 2376 246 2430 lio,
271 2392 356 2434 quo
374 2392 483 2434 opus
501 2379 572 2419 est
587 2379 639 2418 ut
656 2391 832 2419 carmen
848 2376 1155 2432 intellegatur.
1200 2377 1376 2420 minime
1394 2393 1547 2420 recens
1566 2392 1663 2420 esse
1680 2377 1761 2419 hoc
1779 2376 1904 2418 dicti-

171 2446 281 2489 chon
298 2446 511 2489 Valerius
524 2445 744 2488 Maximus
764 2446 788 2488 Ι
803 2447 828 2487 7
854 2449 941 2488 ext.
958 2446 982 2488 3
1006 2449 1218 2499 testatur,
1245 2462 1271 2489 a
1293 2446 1515 2489 Simonide
1539 2446 1704 2488 factum
1728 2445 1906 2488 credere

170 2515 358 2558 immane
391 2519 472 2566 est,
504 2514 593 2558 nisi
622 2515 739 2557 forte
771 2530 898 2571 quem
931 2515 1142 2571 opuscula
1165 2531 1246 2558 sua
1278 2516 1466 2558 collecta
1498 2515 1690 2557 edidisse
1718 2514 1902 2568 iactant,

172 2584 355 2627 eundem
388 2583 522 2627 etiam
545 2583 713 2626 scholia
733 2584 1026 2640 adscripsisse
1053 2583 1224 2626 volunt.
1285 2584 1482 2626 fabulam
1514 2584 1625 2626 hanc
1657 2598 1903 2639 comparem

168 2651 400 2695 nobilioris
430 2652 567 2706 illius,
601 2667 688 2709 qua
718 2651 987 2696 Simonidem
1004 2652 1217 2696 Castores
1236 2652 1468 2695 Crannone
1499 2653 1554 2695 ab
1586 2653 1776 2696 interitu
1812 2667 1902 2696 ser-

268 2871 302 2916 1)
328 2883 362 2906 v.
377 2870 398 2905 2
413 2867 495 2914 εὗρε
513 2869 543 2905 σ’
561 2883 604 2907 ex
622 2867 732 2914 εὗρον
757 2871 844 2907 olim
871 2871 1031 2906 restitui.
1079 2868 1172 2916 χῶσέ
1185 2883 1223 2906 τε
1237 2883 1259 2907 a
1274 2873 1394 2917 prima
1411 2885 1521 2908 manu
1542 2875 1732 2908 exaratum
1761 2886 1838 2909 esse
1864 2875 1899 2909 in

169 2930 266 2965 libro
292 2930 466 2965 Palatino
505 2931 612 2965 testis
655 2931 825 2966 oculatus
862 2930 1027 2966 adfirmo.
1087 2931 1186 2974 quod
1224 2931 1333 2977 longe
1357 2934 1526 2977 praestat
1551 2933 1703 2977 vulgato
1729 2939 1820 2977 χῶσε
1848 2932 1898 2968 δέ.

168 2988 243 3023 iam
269 2988 367 3023 enim
396 2989 434 3024 in
462 2991 628 3025 extremo
663 2990 899 3035 pentametro
936 2989 1276 3034 interpungendum
1316 2994 1392 3034 est,
1429 3003 1502 3035 quo
1540 2991 1636 3026 facto
1669 3003 1713 3026 ea
1739 3004 1835 3036 quae
1863 2993 1899 3027 in

169 3047 305 3083 tumuli
340 3048 582 3094 inscriptione
618 3048 825 3085 necessaria
856 3050 943 3084 sunt
979 3050 1017 3084 et
1054 3060 1098 3084 ea
1131 3060 1225 3093 quae
1252 3049 1338 3084 dum
1376 3050 1437 3096 pio
1464 3062 1615 3086 munere
1641 3051 1812 3097 fungitur
1836 3052 1901 3087 Le-

169 3106 340 3143 ontichus
365 3107 480 3143 sentit
505 3108 663 3156 singulis
687 3108 859 3145 distichis
885 3108 1152 3154 comprehensa
1178 3108 1420 3145 distineatur.
